%YAML 1.1
%TAG !u! tag:unity3d.com,2011:
--- !u!243 &-7601150847680710471
AudioMixerGroupController:
  m_ObjectHideFlags: 0
  m_CorrespondingSourceObject: {fileID: 0}
  m_PrefabInstance: {fileID: 0}
  m_PrefabAsset: {fileID: 0}
  m_Name: Music
  m_AudioMixer: {fileID: 24100000}
  m_GroupID: 452b67832b0db9d46afa4ec3f0c96510
  m_Children: []
  m_Volume: 57d3913acf5641049a75d83cbb449cc5
  m_Pitch: 1d2881f73e6961745a8ec22a39d3cfbb
  m_Send: 00000000000000000000000000000000
  m_Effects:
  - {fileID: 9034233052786336050}
  m_UserColorIndex: 0
  m_Mute: 0
  m_Solo: 0
  m_BypassEffects: 0
--- !u!243 &-2046082319078020399
AudioMixerGroupController:
  m_ObjectHideFlags: 0
  m_CorrespondingSourceObject: {fileID: 0}
  m_PrefabInstance: {fileID: 0}
  m_PrefabAsset: {fileID: 0}
  m_Name: SFX
  m_AudioMixer: {fileID: 24100000}
  m_GroupID: 7c2ed5a1134c7f04588ea12bef147360
  m_Children: []
  m_Volume: b9ee1306ffcd50e4a8bbe33bc09e9943
  m_Pitch: d85198d6f1ac7e54db4b2206ba2ecbde
  m_Send: 00000000000000000000000000000000
  m_Effects:
  - {fileID: 6106567387547161044}
  m_UserColorIndex: 0
  m_Mute: 0
  m_Solo: 0
  m_BypassEffects: 0
--- !u!241 &24100000
AudioMixerController:
  m_ObjectHideFlags: 0
  m_CorrespondingSourceObject: {fileID: 0}
  m_PrefabInstance: {fileID: 0}
  m_PrefabAsset: {fileID: 0}
  m_Name: Audio Mixer
  m_OutputGroup: {fileID: 0}
  m_MasterGroup: {fileID: 24300002}
  m_Snapshots:
  - {fileID: 24500006}
  m_StartSnapshot: {fileID: 24500006}
  m_SuspendThreshold: -80
  m_EnableSuspend: 1
  m_UpdateMode: 0
  m_ExposedParameters:
  - guid: 57d3913acf5641049a75d83cbb449cc5
    name: musicVol
  - guid: b9ee1306ffcd50e4a8bbe33bc09e9943
    name: SFXVol
  m_AudioMixerGroupViews:
  - guids:
    - d70947beab13f2c48b4a76eac743f58a
    - 452b67832b0db9d46afa4ec3f0c96510
    - 7c2ed5a1134c7f04588ea12bef147360
    name: View
  m_CurrentViewIndex: 0
  m_TargetSnapshot: {fileID: 24500006}
--- !u!243 &24300002
AudioMixerGroupController:
  m_ObjectHideFlags: 0
  m_CorrespondingSourceObject: {fileID: 0}
  m_PrefabInstance: {fileID: 0}
  m_PrefabAsset: {fileID: 0}
  m_Name: Master
  m_AudioMixer: {fileID: 24100000}
  m_GroupID: d70947beab13f2c48b4a76eac743f58a
  m_Children:
  - {fileID: -7601150847680710471}
  - {fileID: -2046082319078020399}
  m_Volume: 415d6c928dc77344cbc59d9cb5072193
  m_Pitch: 1de179f4443419f409b85b1259e364fd
  m_Send: 00000000000000000000000000000000
  m_Effects:
  - {fileID: 24400004}
  m_UserColorIndex: 0
  m_Mute: 0
  m_Solo: 0
  m_BypassEffects: 0
--- !u!244 &24400004
AudioMixerEffectController:
  m_ObjectHideFlags: 3
  m_CorrespondingSourceObject: {fileID: 0}
  m_PrefabInstance: {fileID: 0}
  m_PrefabAsset: {fileID: 0}
  m_Name: 
  m_EffectID: 9af439ad29f5b7b4d884f7479bd833df
  m_EffectName: Attenuation
  m_MixLevel: dd588146fdaedfe4fbc4c76226ae6acf
  m_Parameters: []
  m_SendTarget: {fileID: 0}
  m_EnableWetMix: 0
  m_Bypass: 0
--- !u!245 &24500006
AudioMixerSnapshotController:
  m_ObjectHideFlags: 0
  m_CorrespondingSourceObject: {fileID: 0}
  m_PrefabInstance: {fileID: 0}
  m_PrefabAsset: {fileID: 0}
  m_Name: Snapshot
  m_AudioMixer: {fileID: 24100000}
  m_SnapshotID: c0fadd8fd15d54346917a87893449d94
  m_FloatValues:
    57d3913acf5641049a75d83cbb449cc5: 0
  m_TransitionOverrides: {}
--- !u!244 &6106567387547161044
AudioMixerEffectController:
  m_ObjectHideFlags: 3
  m_CorrespondingSourceObject: {fileID: 0}
  m_PrefabInstance: {fileID: 0}
  m_PrefabAsset: {fileID: 0}
  m_Name: 
  m_EffectID: 72da5f06d5629f24594a43e3506868f6
  m_EffectName: Attenuation
  m_MixLevel: 9725bc53b306d0940a922b7c3f9e1620
  m_Parameters: []
  m_SendTarget: {fileID: 0}
  m_EnableWetMix: 0
  m_Bypass: 0
--- !u!244 &9034233052786336050
AudioMixerEffectController:
  m_ObjectHideFlags: 3
  m_CorrespondingSourceObject: {fileID: 0}
  m_PrefabInstance: {fileID: 0}
  m_PrefabAsset: {fileID: 0}
  m_Name: 
  m_EffectID: 248e42490e745724e8fc8712a264f03a
  m_EffectName: Attenuation
  m_MixLevel: 0e9e2ec028435c84fb09264d5d63b7eb
  m_Parameters: []
  m_SendTarget: {fileID: 0}
  m_EnableWetMix: 0
  m_Bypass: 0
