%YAML 1.1
%TAG !u! tag:unity3d.com,2011:
--- !u!1 &506000353043888155
GameObject:
  m_ObjectHideFlags: 0
  m_CorrespondingSourceObject: {fileID: 0}
  m_PrefabInstance: {fileID: 0}
  m_PrefabAsset: {fileID: 0}
  serializedVersion: 6
  m_Component:
  - component: {fileID: 1279805028373887696}
  - component: {fileID: 906568059920101302}
  - component: {fileID: 5232989927943512355}
  - component: {fileID: 506000353043888154}
  m_Layer: 9
  m_Name: Image
  m_TagString: Item
  m_Icon: {fileID: 0}
  m_NavMeshLayer: 0
  m_StaticEditorFlags: 0
  m_IsActive: 1
--- !u!224 &1279805028373887696
RectTransform:
  m_ObjectHideFlags: 0
  m_CorrespondingSourceObject: {fileID: 0}
  m_PrefabInstance: {fileID: 0}
  m_PrefabAsset: {fileID: 0}
  m_GameObject: {fileID: 506000353043888155}
  m_LocalRotation: {x: 0, y: 0, z: 0, w: 1}
  m_LocalPosition: {x: 0, y: 0, z: 0}
  m_LocalScale: {x: -1, y: 1, z: 1}
  m_Children: []
  m_Father: {fileID: 5982985039772646068}
  m_RootOrder: 0
  m_LocalEulerAnglesHint: {x: 0, y: 0, z: 0}
  m_AnchorMin: {x: 0, y: 0}
  m_AnchorMax: {x: 1, y: 1}
  m_AnchoredPosition: {x: 0, y: 0}
  m_SizeDelta: {x: 0, y: 0}
  m_Pivot: {x: 0.5, y: 0.5}
--- !u!222 &906568059920101302
CanvasRenderer:
  m_ObjectHideFlags: 0
  m_CorrespondingSourceObject: {fileID: 0}
  m_PrefabInstance: {fileID: 0}
  m_PrefabAsset: {fileID: 0}
  m_GameObject: {fileID: 506000353043888155}
  m_CullTransparentMesh: 0
--- !u!114 &5232989927943512355
MonoBehaviour:
  m_ObjectHideFlags: 0
  m_CorrespondingSourceObject: {fileID: 0}
  m_PrefabInstance: {fileID: 0}
  m_PrefabAsset: {fileID: 0}
  m_GameObject: {fileID: 506000353043888155}
  m_Enabled: 1
  m_EditorHideFlags: 0
  m_Script: {fileID: 11500000, guid: fe87c0e1cc204ed48ad3b37840f39efc, type: 3}
  m_Name: 
  m_EditorClassIdentifier: 
  m_Material: {fileID: 0}
  m_Color: {r: 1, g: 1, b: 1, a: 0.7490196}
  m_RaycastTarget: 1
  m_OnCullStateChanged:
    m_PersistentCalls:
      m_Calls: []
  m_Sprite: {fileID: 21300000, guid: 7d7eaa71812421a4d90cb6401acc701a, type: 3}
  m_Type: 0
  m_PreserveAspect: 1
  m_FillCenter: 1
  m_FillMethod: 4
  m_FillAmount: 1
  m_FillClockwise: 1
  m_FillOrigin: 0
  m_UseSpriteMesh: 0
  m_PixelsPerUnitMultiplier: 1
--- !u!114 &506000353043888154
MonoBehaviour:
  m_ObjectHideFlags: 0
  m_CorrespondingSourceObject: {fileID: 0}
  m_PrefabInstance: {fileID: 0}
  m_PrefabAsset: {fileID: 0}
  m_GameObject: {fileID: 506000353043888155}
  m_Enabled: 1
  m_EditorHideFlags: 0
  m_Script: {fileID: 11500000, guid: 91c858e98eb9c2549a6891223e0c2009, type: 3}
  m_Name: 
  m_EditorClassIdentifier: 
  sprites:
  - {fileID: 21300000, guid: 7d7eaa71812421a4d90cb6401acc701a, type: 3}
  - {fileID: 21300000, guid: 61d6423322b9f394ba8602564cec90f6, type: 3}
  - {fileID: 21300000, guid: c841c0cf68680dd44a6b176e155c4971, type: 3}
  animationInterval: 0.2
--- !u!1 &1993301203755031429
GameObject:
  m_ObjectHideFlags: 0
  m_CorrespondingSourceObject: {fileID: 0}
  m_PrefabInstance: {fileID: 0}
  m_PrefabAsset: {fileID: 0}
  serializedVersion: 6
  m_Component:
  - component: {fileID: 5982985039772646068}
  - component: {fileID: 4161895350010162956}
  - component: {fileID: 1993301203755031428}
  m_Layer: 9
  m_Name: Right arrow
  m_TagString: Item
  m_Icon: {fileID: 0}
  m_NavMeshLayer: 0
  m_StaticEditorFlags: 0
  m_IsActive: 1
--- !u!224 &5982985039772646068
RectTransform:
  m_ObjectHideFlags: 0
  m_CorrespondingSourceObject: {fileID: 0}
  m_PrefabInstance: {fileID: 0}
  m_PrefabAsset: {fileID: 0}
  m_GameObject: {fileID: 1993301203755031429}
  m_LocalRotation: {x: -0, y: -0, z: -0, w: 1}
  m_LocalPosition: {x: 0, y: 0, z: 0}
  m_LocalScale: {x: 1, y: 1, z: 1}
  m_Children:
  - {fileID: 1279805028373887696}
  m_Father: {fileID: 2183443430575617957}
  m_RootOrder: 2
  m_LocalEulerAnglesHint: {x: 0, y: 0, z: 0}
  m_AnchorMin: {x: 0.8730627, y: -0.00008834618}
  m_AnchorMax: {x: 0.9841877, y: 1.0000933}
  m_AnchoredPosition: {x: 0, y: 0}
  m_SizeDelta: {x: 0, y: 0}
  m_Pivot: {x: 0.5, y: 0.5}
--- !u!222 &4161895350010162956
CanvasRenderer:
  m_ObjectHideFlags: 0
  m_CorrespondingSourceObject: {fileID: 0}
  m_PrefabInstance: {fileID: 0}
  m_PrefabAsset: {fileID: 0}
  m_GameObject: {fileID: 1993301203755031429}
  m_CullTransparentMesh: 0
--- !u!114 &1993301203755031428
MonoBehaviour:
  m_ObjectHideFlags: 0
  m_CorrespondingSourceObject: {fileID: 0}
  m_PrefabInstance: {fileID: 0}
  m_PrefabAsset: {fileID: 0}
  m_GameObject: {fileID: 1993301203755031429}
  m_Enabled: 1
  m_EditorHideFlags: 0
  m_Script: {fileID: 11500000, guid: 4e29b1a8efbd4b44bb3f3716e73f07ff, type: 3}
  m_Name: 
  m_EditorClassIdentifier: 
  m_Navigation:
    m_Mode: 3
    m_SelectOnUp: {fileID: 0}
    m_SelectOnDown: {fileID: 0}
    m_SelectOnLeft: {fileID: 0}
    m_SelectOnRight: {fileID: 0}
  m_Transition: 0
  m_Colors:
    m_NormalColor: {r: 1, g: 1, b: 1, a: 1}
    m_HighlightedColor: {r: 0.9607843, g: 0.9607843, b: 0.9607843, a: 1}
    m_PressedColor: {r: 0.78431374, g: 0.78431374, b: 0.78431374, a: 1}
    m_SelectedColor: {r: 0.9607843, g: 0.9607843, b: 0.9607843, a: 1}
    m_DisabledColor: {r: 0.78431374, g: 0.78431374, b: 0.78431374, a: 0.5019608}
    m_ColorMultiplier: 1
    m_FadeDuration: 0.1
  m_SpriteState:
    m_HighlightedSprite: {fileID: 0}
    m_PressedSprite: {fileID: 0}
    m_SelectedSprite: {fileID: 0}
    m_DisabledSprite: {fileID: 0}
  m_AnimationTriggers:
    m_NormalTrigger: Normal
    m_HighlightedTrigger: Highlighted
    m_PressedTrigger: Pressed
    m_SelectedTrigger: Selected
    m_DisabledTrigger: Disabled
  m_Interactable: 1
  m_TargetGraphic: {fileID: 0}
  m_OnClick:
    m_PersistentCalls:
      m_Calls:
      - m_Target: {fileID: 0}
        m_MethodName: GoToNextPage
        m_Mode: 1
        m_Arguments:
          m_ObjectArgument: {fileID: 0}
          m_ObjectArgumentAssemblyTypeName: UnityEngine.Object, UnityEngine
          m_IntArgument: 0
          m_FloatArgument: 0
          m_StringArgument: 
          m_BoolArgument: 0
        m_CallState: 2
--- !u!1 &2183443429383542919
GameObject:
  m_ObjectHideFlags: 0
  m_CorrespondingSourceObject: {fileID: 0}
  m_PrefabInstance: {fileID: 0}
  m_PrefabAsset: {fileID: 0}
  serializedVersion: 6
  m_Component:
  - component: {fileID: 2183443429383542915}
  - component: {fileID: 2183443429383542916}
  - component: {fileID: 2183443429383542917}
  - component: {fileID: 2183443429383542918}
  - component: {fileID: 2183443429383542914}
  - component: {fileID: 3531066526976697643}
  m_Layer: 5
  m_Name: Close Guide
  m_TagString: Untagged
  m_Icon: {fileID: 0}
  m_NavMeshLayer: 0
  m_StaticEditorFlags: 0
  m_IsActive: 1
--- !u!224 &2183443429383542915
RectTransform:
  m_ObjectHideFlags: 0
  m_CorrespondingSourceObject: {fileID: 0}
  m_PrefabInstance: {fileID: 0}
  m_PrefabAsset: {fileID: 0}
  m_GameObject: {fileID: 2183443429383542919}
  m_LocalRotation: {x: -0, y: -0, z: -0, w: 1}
  m_LocalPosition: {x: 0, y: 0, z: 0}
  m_LocalScale: {x: 1, y: 1, z: 1}
  m_Children:
  - {fileID: 2183443429550245869}
  m_Father: {fileID: 2183443430976176820}
  m_RootOrder: 3
  m_LocalEulerAnglesHint: {x: 0, y: 0, z: 0}
  m_AnchorMin: {x: 0.4409938, y: -0.040213495}
  m_AnchorMax: {x: 0.55900633, y: 1.0781273}
  m_AnchoredPosition: {x: 0, y: 0}
  m_SizeDelta: {x: 0, y: -0.0000038146973}
  m_Pivot: {x: 0.5, y: 0.5}
--- !u!222 &2183443429383542916
CanvasRenderer:
  m_ObjectHideFlags: 0
  m_CorrespondingSourceObject: {fileID: 0}
  m_PrefabInstance: {fileID: 0}
  m_PrefabAsset: {fileID: 0}
  m_GameObject: {fileID: 2183443429383542919}
  m_CullTransparentMesh: 0
--- !u!114 &2183443429383542917
MonoBehaviour:
  m_ObjectHideFlags: 0
  m_CorrespondingSourceObject: {fileID: 0}
  m_PrefabInstance: {fileID: 0}
  m_PrefabAsset: {fileID: 0}
  m_GameObject: {fileID: 2183443429383542919}
  m_Enabled: 1
  m_EditorHideFlags: 0
  m_Script: {fileID: 11500000, guid: fe87c0e1cc204ed48ad3b37840f39efc, type: 3}
  m_Name: 
  m_EditorClassIdentifier: 
  m_Material: {fileID: 0}
  m_Color: {r: 1, g: 1, b: 1, a: 1}
  m_RaycastTarget: 1
  m_OnCullStateChanged:
    m_PersistentCalls:
      m_Calls: []
  m_Sprite: {fileID: 7391811410615243941, guid: 2ad74ae083489dc4fb2bfbc5c10f3b69,
    type: 3}
  m_Type: 0
  m_PreserveAspect: 1
  m_FillCenter: 1
  m_FillMethod: 4
  m_FillAmount: 1
  m_FillClockwise: 1
  m_FillOrigin: 0
  m_UseSpriteMesh: 0
  m_PixelsPerUnitMultiplier: 1
--- !u!114 &2183443429383542918
MonoBehaviour:
  m_ObjectHideFlags: 0
  m_CorrespondingSourceObject: {fileID: 0}
  m_PrefabInstance: {fileID: 0}
  m_PrefabAsset: {fileID: 0}
  m_GameObject: {fileID: 2183443429383542919}
  m_Enabled: 1
  m_EditorHideFlags: 0
  m_Script: {fileID: 11500000, guid: 4e29b1a8efbd4b44bb3f3716e73f07ff, type: 3}
  m_Name: 
  m_EditorClassIdentifier: 
  m_Navigation:
    m_Mode: 3
    m_SelectOnUp: {fileID: 0}
    m_SelectOnDown: {fileID: 0}
    m_SelectOnLeft: {fileID: 0}
    m_SelectOnRight: {fileID: 0}
  m_Transition: 0
  m_Colors:
    m_NormalColor: {r: 1, g: 1, b: 1, a: 1}
    m_HighlightedColor: {r: 0.9607843, g: 0.9607843, b: 0.9607843, a: 1}
    m_PressedColor: {r: 0.78431374, g: 0.78431374, b: 0.78431374, a: 1}
    m_SelectedColor: {r: 0.9607843, g: 0.9607843, b: 0.9607843, a: 1}
    m_DisabledColor: {r: 0.78431374, g: 0.78431374, b: 0.78431374, a: 0.5019608}
    m_ColorMultiplier: 1
    m_FadeDuration: 0.1
  m_SpriteState:
    m_HighlightedSprite: {fileID: 0}
    m_PressedSprite: {fileID: 0}
    m_SelectedSprite: {fileID: 0}
    m_DisabledSprite: {fileID: 0}
  m_AnimationTriggers:
    m_NormalTrigger: Normal
    m_HighlightedTrigger: Highlighted
    m_PressedTrigger: Pressed
    m_SelectedTrigger: Selected
    m_DisabledTrigger: Disabled
  m_Interactable: 1
  m_TargetGraphic: {fileID: 2183443429383542917}
  m_OnClick:
    m_PersistentCalls:
      m_Calls:
      - m_Target: {fileID: 0}
        m_MethodName: SetActive
        m_Mode: 6
        m_Arguments:
          m_ObjectArgument: {fileID: 0}
          m_ObjectArgumentAssemblyTypeName: UnityEngine.Object, UnityEngine
          m_IntArgument: 0
          m_FloatArgument: 0
          m_StringArgument: 
          m_BoolArgument: 0
        m_CallState: 2
      - m_Target: {fileID: 2183443429383542919}
        m_MethodName: SetActive
        m_Mode: 6
        m_Arguments:
          m_ObjectArgument: {fileID: 0}
          m_ObjectArgumentAssemblyTypeName: UnityEngine.Object, UnityEngine
          m_IntArgument: 0
          m_FloatArgument: 0
          m_StringArgument: 
          m_BoolArgument: 0
        m_CallState: 2
--- !u!223 &2183443429383542914
Canvas:
  m_ObjectHideFlags: 0
  m_CorrespondingSourceObject: {fileID: 0}
  m_PrefabInstance: {fileID: 0}
  m_PrefabAsset: {fileID: 0}
  m_GameObject: {fileID: 2183443429383542919}
  m_Enabled: 1
  serializedVersion: 3
  m_RenderMode: 2
  m_Camera: {fileID: 0}
  m_PlaneDistance: 100
  m_PixelPerfect: 0
  m_ReceivesEvents: 1
  m_OverrideSorting: 1
  m_OverridePixelPerfect: 0
  m_SortingBucketNormalizedSize: 0
  m_AdditionalShaderChannelsFlag: 0
  m_SortingLayerID: -392774581
  m_SortingOrder: 0
  m_TargetDisplay: 0
--- !u!114 &3531066526976697643
MonoBehaviour:
  m_ObjectHideFlags: 0
  m_CorrespondingSourceObject: {fileID: 0}
  m_PrefabInstance: {fileID: 0}
  m_PrefabAsset: {fileID: 0}
  m_GameObject: {fileID: 2183443429383542919}
  m_Enabled: 1
  m_EditorHideFlags: 0
  m_Script: {fileID: 11500000, guid: dc42784cf147c0c48a680349fa168899, type: 3}
  m_Name: 
  m_EditorClassIdentifier: 
  m_IgnoreReversedGraphics: 1
  m_BlockingObjects: 0
  m_BlockingMask:
    serializedVersion: 2
    m_Bits: 1847
--- !u!1 &2183443429550245870
GameObject:
  m_ObjectHideFlags: 0
  m_CorrespondingSourceObject: {fileID: 0}
  m_PrefabInstance: {fileID: 0}
  m_PrefabAsset: {fileID: 0}
  serializedVersion: 6
  m_Component:
  - component: {fileID: 2183443429550245869}
  - component: {fileID: 2183443429550245866}
  - component: {fileID: 2183443429550245867}
  - component: {fileID: 2183443429550245868}
  m_Layer: 5
  m_Name: Cross
  m_TagString: Untagged
  m_Icon: {fileID: 0}
  m_NavMeshLayer: 0
  m_StaticEditorFlags: 0
  m_IsActive: 1
--- !u!224 &2183443429550245869
RectTransform:
  m_ObjectHideFlags: 0
  m_CorrespondingSourceObject: {fileID: 0}
  m_PrefabInstance: {fileID: 0}
  m_PrefabAsset: {fileID: 0}
  m_GameObject: {fileID: 2183443429550245870}
  m_LocalRotation: {x: 0, y: 0, z: 0, w: 1}
  m_LocalPosition: {x: 0, y: 0, z: 0}
  m_LocalScale: {x: 1, y: 1, z: 1}
  m_Children: []
  m_Father: {fileID: 2183443429383542915}
  m_RootOrder: 0
  m_LocalEulerAnglesHint: {x: 0, y: 0, z: 0}
  m_AnchorMin: {x: 0.04581577, y: 0.006176596}
  m_AnchorMax: {x: 0.95418423, y: 0.9938234}
  m_AnchoredPosition: {x: 0, y: 0}
  m_SizeDelta: {x: 0, y: 0}
  m_Pivot: {x: 0.5, y: 0.5}
--- !u!222 &2183443429550245866
CanvasRenderer:
  m_ObjectHideFlags: 0
  m_CorrespondingSourceObject: {fileID: 0}
  m_PrefabInstance: {fileID: 0}
  m_PrefabAsset: {fileID: 0}
  m_GameObject: {fileID: 2183443429550245870}
  m_CullTransparentMesh: 0
--- !u!114 &2183443429550245867
MonoBehaviour:
  m_ObjectHideFlags: 0
  m_CorrespondingSourceObject: {fileID: 0}
  m_PrefabInstance: {fileID: 0}
  m_PrefabAsset: {fileID: 0}
  m_GameObject: {fileID: 2183443429550245870}
  m_Enabled: 1
  m_EditorHideFlags: 0
  m_Script: {fileID: 11500000, guid: fe87c0e1cc204ed48ad3b37840f39efc, type: 3}
  m_Name: 
  m_EditorClassIdentifier: 
  m_Material: {fileID: 0}
  m_Color: {r: 1, g: 1, b: 1, a: 1}
  m_RaycastTarget: 1
  m_OnCullStateChanged:
    m_PersistentCalls:
      m_Calls: []
  m_Sprite: {fileID: 21300000, guid: 685a67c575d4dfb428ba100c9047cbf1, type: 3}
  m_Type: 0
  m_PreserveAspect: 0
  m_FillCenter: 1
  m_FillMethod: 4
  m_FillAmount: 1
  m_FillClockwise: 1
  m_FillOrigin: 0
  m_UseSpriteMesh: 0
  m_PixelsPerUnitMultiplier: 1
--- !u!114 &2183443429550245868
MonoBehaviour:
  m_ObjectHideFlags: 0
  m_CorrespondingSourceObject: {fileID: 0}
  m_PrefabInstance: {fileID: 0}
  m_PrefabAsset: {fileID: 0}
  m_GameObject: {fileID: 2183443429550245870}
  m_Enabled: 1
  m_EditorHideFlags: 0
  m_Script: {fileID: 11500000, guid: 91c858e98eb9c2549a6891223e0c2009, type: 3}
  m_Name: 
  m_EditorClassIdentifier: 
  sprites:
  - {fileID: 21300000, guid: 685a67c575d4dfb428ba100c9047cbf1, type: 3}
  - {fileID: 21300000, guid: 29178d9a118ea204c8da11d4e57742a2, type: 3}
  - {fileID: 21300000, guid: f8e05767cd4ea3f498fe68f37c7904fa, type: 3}
  animationInterval: 0.2
--- !u!1 &2183443429694976074
GameObject:
  m_ObjectHideFlags: 0
  m_CorrespondingSourceObject: {fileID: 0}
  m_PrefabInstance: {fileID: 0}
  m_PrefabAsset: {fileID: 0}
  serializedVersion: 6
  m_Component:
  - component: {fileID: 2183443429694976073}
  - component: {fileID: 2183443429694976072}
  - component: {fileID: 2183443429694976070}
  - component: {fileID: 2183443429694976071}
  m_Layer: 5
  m_Name: Content
  m_TagString: Untagged
  m_Icon: {fileID: 0}
  m_NavMeshLayer: 0
  m_StaticEditorFlags: 0
  m_IsActive: 1
--- !u!224 &2183443429694976073
RectTransform:
  m_ObjectHideFlags: 0
  m_CorrespondingSourceObject: {fileID: 0}
  m_PrefabInstance: {fileID: 0}
  m_PrefabAsset: {fileID: 0}
  m_GameObject: {fileID: 2183443429694976074}
  m_LocalRotation: {x: -0, y: -0, z: -0, w: 1}
  m_LocalPosition: {x: 0, y: 0, z: 0}
  m_LocalScale: {x: 1, y: 1, z: 1}
  m_Children:
  - {fileID: 3098333241318054207}
  - {fileID: 3098333240133292034}
  - {fileID: 3098333239968465981}
  - {fileID: 3098333240387200181}
  - {fileID: 3098333240962968280}
  - {fileID: 3098333240668998897}
  m_Father: {fileID: 2183443430575617957}
  m_RootOrder: 1
  m_LocalEulerAnglesHint: {x: 0, y: 0, z: 0}
  m_AnchorMin: {x: 0.101375, y: 0.0000018357919}
  m_AnchorMax: {x: 0.90137506, y: 0.9999995}
  m_AnchoredPosition: {x: 0, y: 0}
  m_SizeDelta: {x: -0.000006198883, y: -0.000002861023}
  m_Pivot: {x: 0.5, y: 0}
--- !u!114 &2183443429694976072
MonoBehaviour:
  m_ObjectHideFlags: 0
  m_CorrespondingSourceObject: {fileID: 0}
  m_PrefabInstance: {fileID: 0}
  m_PrefabAsset: {fileID: 0}
  m_GameObject: {fileID: 2183443429694976074}
  m_Enabled: 1
  m_EditorHideFlags: 0
  m_Script: {fileID: 11500000, guid: 3245ec927659c4140ac4f8d17403cc18, type: 3}
  m_Name: 
  m_EditorClassIdentifier: 
  m_HorizontalFit: 0
  m_VerticalFit: 0
--- !u!114 &2183443429694976070
MonoBehaviour:
  m_ObjectHideFlags: 0
  m_CorrespondingSourceObject: {fileID: 0}
  m_PrefabInstance: {fileID: 0}
  m_PrefabAsset: {fileID: 0}
  m_GameObject: {fileID: 2183443429694976074}
  m_Enabled: 0
  m_EditorHideFlags: 0
  m_Script: {fileID: 11500000, guid: 30649d3a9faa99c48a7b1166b86bf2a0, type: 3}
  m_Name: 
  m_EditorClassIdentifier: 
  m_Padding:
    m_Left: 20
    m_Right: 20
    m_Top: 20
    m_Bottom: 20
  m_ChildAlignment: 0
  m_Spacing: 20
  m_ChildForceExpandWidth: 1
  m_ChildForceExpandHeight: 1
  m_ChildControlWidth: 1
  m_ChildControlHeight: 1
  m_ChildScaleWidth: 1
  m_ChildScaleHeight: 1
--- !u!222 &2183443429694976071
CanvasRenderer:
  m_ObjectHideFlags: 0
  m_CorrespondingSourceObject: {fileID: 0}
  m_PrefabInstance: {fileID: 0}
  m_PrefabAsset: {fileID: 0}
  m_GameObject: {fileID: 2183443429694976074}
  m_CullTransparentMesh: 0
--- !u!1 &2183443430331403393
GameObject:
  m_ObjectHideFlags: 0
  m_CorrespondingSourceObject: {fileID: 0}
  m_PrefabInstance: {fileID: 0}
  m_PrefabAsset: {fileID: 0}
  serializedVersion: 6
  m_Component:
  - component: {fileID: 2183443430331403392}
  - component: {fileID: 2183443430331403455}
  - component: {fileID: 2183443430331403454}
  - component: {fileID: 1275043195879988796}
  m_Layer: 5
  m_Name: Footer
  m_TagString: Untagged
  m_Icon: {fileID: 0}
  m_NavMeshLayer: 0
  m_StaticEditorFlags: 0
  m_IsActive: 1
--- !u!224 &2183443430331403392
RectTransform:
  m_ObjectHideFlags: 0
  m_CorrespondingSourceObject: {fileID: 0}
  m_PrefabInstance: {fileID: 0}
  m_PrefabAsset: {fileID: 0}
  m_GameObject: {fileID: 2183443430331403393}
  m_LocalRotation: {x: 0, y: 0, z: 0, w: 1}
  m_LocalPosition: {x: 0, y: 0, z: 0}
  m_LocalScale: {x: 1, y: 1, z: 1}
  m_Children:
  - {fileID: 2183443431065188923}
  - {fileID: 2183443430976176820}
  - {fileID: 2183443430575617957}
  m_Father: {fileID: 0}
  m_RootOrder: 0
  m_LocalEulerAnglesHint: {x: 0, y: 0, z: 0}
  m_AnchorMin: {x: 0, y: 0}
  m_AnchorMax: {x: 1, y: 0}
  m_AnchoredPosition: {x: 0, y: 0}
  m_SizeDelta: {x: 0, y: 212.7}
  m_Pivot: {x: 0.5, y: 0}
--- !u!95 &2183443430331403455
Animator:
  serializedVersion: 3
  m_ObjectHideFlags: 0
  m_CorrespondingSourceObject: {fileID: 0}
  m_PrefabInstance: {fileID: 0}
  m_PrefabAsset: {fileID: 0}
  m_GameObject: {fileID: 2183443430331403393}
  m_Enabled: 1
  m_Avatar: {fileID: 0}
  m_Controller: {fileID: 22100000, guid: fabdf2f16113d5f48a3bc37b5b74616b, type: 2}
  m_CullingMode: 0
  m_UpdateMode: 0
  m_ApplyRootMotion: 0
  m_LinearVelocityBlending: 0
  m_WarningMessage: 
  m_HasTransformHierarchy: 1
  m_AllowConstantClipSamplingOptimization: 1
  m_KeepAnimatorControllerStateOnDisable: 0
--- !u!223 &2183443430331403454
Canvas:
  m_ObjectHideFlags: 0
  m_CorrespondingSourceObject: {fileID: 0}
  m_PrefabInstance: {fileID: 0}
  m_PrefabAsset: {fileID: 0}
  m_GameObject: {fileID: 2183443430331403393}
  m_Enabled: 1
  serializedVersion: 3
  m_RenderMode: 2
  m_Camera: {fileID: 0}
  m_PlaneDistance: 100
  m_PixelPerfect: 0
  m_ReceivesEvents: 1
  m_OverrideSorting: 1
  m_OverridePixelPerfect: 0
  m_SortingBucketNormalizedSize: 0
  m_AdditionalShaderChannelsFlag: 25
  m_SortingLayerID: 0
  m_SortingOrder: 0
  m_TargetDisplay: 0
--- !u!114 &1275043195879988796
MonoBehaviour:
  m_ObjectHideFlags: 0
  m_CorrespondingSourceObject: {fileID: 0}
  m_PrefabInstance: {fileID: 0}
  m_PrefabAsset: {fileID: 0}
  m_GameObject: {fileID: 2183443430331403393}
  m_Enabled: 1
  m_EditorHideFlags: 0
  m_Script: {fileID: 11500000, guid: dc42784cf147c0c48a680349fa168899, type: 3}
  m_Name: 
  m_EditorClassIdentifier: 
  m_IgnoreReversedGraphics: 1
  m_BlockingObjects: 0
  m_BlockingMask:
    serializedVersion: 2
    m_Bits: 1847
--- !u!1 &2183443430397617534
GameObject:
  m_ObjectHideFlags: 0
  m_CorrespondingSourceObject: {fileID: 0}
  m_PrefabInstance: {fileID: 0}
  m_PrefabAsset: {fileID: 0}
  serializedVersion: 6
  m_Component:
  - component: {fileID: 2183443430397617533}
  - component: {fileID: 2183443430397617531}
  - component: {fileID: 2183443430397617532}
  - component: {fileID: 2183443430397617530}
  m_Layer: 9
  m_Name: Image
  m_TagString: Item
  m_Icon: {fileID: 0}
  m_NavMeshLayer: 0
  m_StaticEditorFlags: 0
  m_IsActive: 1
--- !u!224 &2183443430397617533
RectTransform:
  m_ObjectHideFlags: 0
  m_CorrespondingSourceObject: {fileID: 0}
  m_PrefabInstance: {fileID: 0}
  m_PrefabAsset: {fileID: 0}
  m_GameObject: {fileID: 2183443430397617534}
  m_LocalRotation: {x: 0, y: 0, z: 0, w: 1}
  m_LocalPosition: {x: 0, y: 0, z: 0}
  m_LocalScale: {x: 1, y: 1, z: 1}
  m_Children: []
  m_Father: {fileID: 2183443430735631554}
  m_RootOrder: 0
  m_LocalEulerAnglesHint: {x: 0, y: 0, z: 0}
  m_AnchorMin: {x: 0, y: 0}
  m_AnchorMax: {x: 1, y: 1}
  m_AnchoredPosition: {x: 0, y: 0}
  m_SizeDelta: {x: 0, y: 0}
  m_Pivot: {x: 0.5, y: 0.5}
--- !u!222 &2183443430397617531
CanvasRenderer:
  m_ObjectHideFlags: 0
  m_CorrespondingSourceObject: {fileID: 0}
  m_PrefabInstance: {fileID: 0}
  m_PrefabAsset: {fileID: 0}
  m_GameObject: {fileID: 2183443430397617534}
  m_CullTransparentMesh: 0
--- !u!114 &2183443430397617532
MonoBehaviour:
  m_ObjectHideFlags: 0
  m_CorrespondingSourceObject: {fileID: 0}
  m_PrefabInstance: {fileID: 0}
  m_PrefabAsset: {fileID: 0}
  m_GameObject: {fileID: 2183443430397617534}
  m_Enabled: 1
  m_EditorHideFlags: 0
  m_Script: {fileID: 11500000, guid: fe87c0e1cc204ed48ad3b37840f39efc, type: 3}
  m_Name: 
  m_EditorClassIdentifier: 
  m_Material: {fileID: 0}
  m_Color: {r: 1, g: 1, b: 1, a: 0.7529412}
  m_RaycastTarget: 1
  m_OnCullStateChanged:
    m_PersistentCalls:
      m_Calls: []
  m_Sprite: {fileID: 21300000, guid: 7d7eaa71812421a4d90cb6401acc701a, type: 3}
  m_Type: 0
  m_PreserveAspect: 1
  m_FillCenter: 1
  m_FillMethod: 4
  m_FillAmount: 1
  m_FillClockwise: 1
  m_FillOrigin: 0
  m_UseSpriteMesh: 0
  m_PixelsPerUnitMultiplier: 1
--- !u!114 &2183443430397617530
MonoBehaviour:
  m_ObjectHideFlags: 0
  m_CorrespondingSourceObject: {fileID: 0}
  m_PrefabInstance: {fileID: 0}
  m_PrefabAsset: {fileID: 0}
  m_GameObject: {fileID: 2183443430397617534}
  m_Enabled: 1
  m_EditorHideFlags: 0
  m_Script: {fileID: 11500000, guid: 91c858e98eb9c2549a6891223e0c2009, type: 3}
  m_Name: 
  m_EditorClassIdentifier: 
  sprites:
  - {fileID: 21300000, guid: 7d7eaa71812421a4d90cb6401acc701a, type: 3}
  - {fileID: 21300000, guid: 61d6423322b9f394ba8602564cec90f6, type: 3}
  - {fileID: 21300000, guid: c841c0cf68680dd44a6b176e155c4971, type: 3}
  animationInterval: 0.2
--- !u!1 &2183443430575617958
GameObject:
  m_ObjectHideFlags: 0
  m_CorrespondingSourceObject: {fileID: 0}
  m_PrefabInstance: {fileID: 0}
  m_PrefabAsset: {fileID: 0}
  serializedVersion: 6
  m_Component:
  - component: {fileID: 2183443430575617957}
  - component: {fileID: 2183443430575617956}
  m_Layer: 5
  m_Name: Inventory
  m_TagString: Untagged
  m_Icon: {fileID: 0}
  m_NavMeshLayer: 0
  m_StaticEditorFlags: 0
  m_IsActive: 1
--- !u!224 &2183443430575617957
RectTransform:
  m_ObjectHideFlags: 0
  m_CorrespondingSourceObject: {fileID: 0}
  m_PrefabInstance: {fileID: 0}
  m_PrefabAsset: {fileID: 0}
  m_GameObject: {fileID: 2183443430575617958}
  m_LocalRotation: {x: -0, y: -0, z: -0, w: 1}
  m_LocalPosition: {x: 0, y: 0, z: 0}
  m_LocalScale: {x: 1, y: 1, z: 1}
  m_Children:
  - {fileID: 2183443430735631554}
  - {fileID: 2183443429694976073}
  - {fileID: 5982985039772646068}
  m_Father: {fileID: 2183443430331403392}
  m_RootOrder: 2
  m_LocalEulerAnglesHint: {x: 0, y: 0, z: 0}
  m_AnchorMin: {x: 0, y: 0}
  m_AnchorMax: {x: 1, y: 0.65082556}
  m_AnchoredPosition: {x: 0, y: -10.276001}
  m_SizeDelta: {x: 0, y: -20.552}
  m_Pivot: {x: 0.5, y: 0.5}
--- !u!222 &2183443430575617956
CanvasRenderer:
  m_ObjectHideFlags: 0
  m_CorrespondingSourceObject: {fileID: 0}
  m_PrefabInstance: {fileID: 0}
  m_PrefabAsset: {fileID: 0}
  m_GameObject: {fileID: 2183443430575617958}
  m_CullTransparentMesh: 0
--- !u!1 &2183443430735631555
GameObject:
  m_ObjectHideFlags: 0
  m_CorrespondingSourceObject: {fileID: 0}
  m_PrefabInstance: {fileID: 0}
  m_PrefabAsset: {fileID: 0}
  serializedVersion: 6
  m_Component:
  - component: {fileID: 2183443430735631554}
  - component: {fileID: 2183443430735631553}
  - component: {fileID: 2183443430735631552}
  m_Layer: 9
  m_Name: Left arrow
  m_TagString: Item
  m_Icon: {fileID: 0}
  m_NavMeshLayer: 0
  m_StaticEditorFlags: 0
  m_IsActive: 1
--- !u!224 &2183443430735631554
RectTransform:
  m_ObjectHideFlags: 0
  m_CorrespondingSourceObject: {fileID: 0}
  m_PrefabInstance: {fileID: 0}
  m_PrefabAsset: {fileID: 0}
  m_GameObject: {fileID: 2183443430735631555}
  m_LocalRotation: {x: -0, y: -0, z: -0, w: 1}
  m_LocalPosition: {x: 0, y: 0, z: 0}
  m_LocalScale: {x: 1, y: 1, z: 1}
  m_Children:
  - {fileID: 2183443430397617533}
  m_Father: {fileID: 2183443430575617957}
  m_RootOrder: 0
  m_LocalEulerAnglesHint: {x: 0, y: 0, z: 0}
  m_AnchorMin: {x: 0.011812539, y: -0.00008834618}
  m_AnchorMax: {x: 0.12293759, y: 1.0000933}
  m_AnchoredPosition: {x: 0, y: 0}
  m_SizeDelta: {x: 0, y: 0}
  m_Pivot: {x: 0.5, y: 0.5}
--- !u!222 &2183443430735631553
CanvasRenderer:
  m_ObjectHideFlags: 0
  m_CorrespondingSourceObject: {fileID: 0}
  m_PrefabInstance: {fileID: 0}
  m_PrefabAsset: {fileID: 0}
  m_GameObject: {fileID: 2183443430735631555}
  m_CullTransparentMesh: 0
--- !u!114 &2183443430735631552
MonoBehaviour:
  m_ObjectHideFlags: 0
  m_CorrespondingSourceObject: {fileID: 0}
  m_PrefabInstance: {fileID: 0}
  m_PrefabAsset: {fileID: 0}
  m_GameObject: {fileID: 2183443430735631555}
  m_Enabled: 1
  m_EditorHideFlags: 0
  m_Script: {fileID: 11500000, guid: 4e29b1a8efbd4b44bb3f3716e73f07ff, type: 3}
  m_Name: 
  m_EditorClassIdentifier: 
  m_Navigation:
    m_Mode: 3
    m_SelectOnUp: {fileID: 0}
    m_SelectOnDown: {fileID: 0}
    m_SelectOnLeft: {fileID: 0}
    m_SelectOnRight: {fileID: 0}
  m_Transition: 0
  m_Colors:
    m_NormalColor: {r: 1, g: 1, b: 1, a: 1}
    m_HighlightedColor: {r: 0.9607843, g: 0.9607843, b: 0.9607843, a: 1}
    m_PressedColor: {r: 0.78431374, g: 0.78431374, b: 0.78431374, a: 1}
    m_SelectedColor: {r: 0.9607843, g: 0.9607843, b: 0.9607843, a: 1}
    m_DisabledColor: {r: 0.78431374, g: 0.78431374, b: 0.78431374, a: 0.5019608}
    m_ColorMultiplier: 1
    m_FadeDuration: 0.1
  m_SpriteState:
    m_HighlightedSprite: {fileID: 0}
    m_PressedSprite: {fileID: 0}
    m_SelectedSprite: {fileID: 0}
    m_DisabledSprite: {fileID: 0}
  m_AnimationTriggers:
    m_NormalTrigger: Normal
    m_HighlightedTrigger: Highlighted
    m_PressedTrigger: Pressed
    m_SelectedTrigger: Selected
    m_DisabledTrigger: Disabled
  m_Interactable: 1
  m_TargetGraphic: {fileID: 0}
  m_OnClick:
    m_PersistentCalls:
      m_Calls:
      - m_Target: {fileID: 0}
        m_MethodName: GoToPreviousPage
        m_Mode: 1
        m_Arguments:
          m_ObjectArgument: {fileID: 0}
          m_ObjectArgumentAssemblyTypeName: UnityEngine.Object, UnityEngine
          m_IntArgument: 0
          m_FloatArgument: 0
          m_StringArgument: 
          m_BoolArgument: 0
        m_CallState: 2
--- !u!1 &2183443430976176821
GameObject:
  m_ObjectHideFlags: 0
  m_CorrespondingSourceObject: {fileID: 0}
  m_PrefabInstance: {fileID: 0}
  m_PrefabAsset: {fileID: 0}
  serializedVersion: 6
  m_Component:
  - component: {fileID: 2183443430976176820}
  - component: {fileID: 2183443430976176818}
  m_Layer: 5
  m_Name: Top options
  m_TagString: Untagged
  m_Icon: {fileID: 0}
  m_NavMeshLayer: 0
  m_StaticEditorFlags: 0
  m_IsActive: 1
--- !u!224 &2183443430976176820
RectTransform:
  m_ObjectHideFlags: 0
  m_CorrespondingSourceObject: {fileID: 0}
  m_PrefabInstance: {fileID: 0}
  m_PrefabAsset: {fileID: 0}
  m_GameObject: {fileID: 2183443430976176821}
  m_LocalRotation: {x: -0, y: -0, z: -0, w: 1}
  m_LocalPosition: {x: 0, y: 0, z: 0}
  m_LocalScale: {x: 1, y: 1, z: 1}
  m_Children:
  - {fileID: 2183443431056073854}
  - {fileID: 2183443431077286640}
  - {fileID: 2183443429343508283}
  - {fileID: 2183443429383542915}
  m_Father: {fileID: 2183443430331403392}
  m_RootOrder: 1
  m_LocalEulerAnglesHint: {x: 0, y: 0, z: 0}
  m_AnchorMin: {x: 0, y: 0.5871115}
  m_AnchorMax: {x: 1, y: 0.9353456}
  m_AnchoredPosition: {x: 0, y: 13.752014}
  m_SizeDelta: {x: 0, y: 13.752}
  m_Pivot: {x: 0.5, y: 1}
--- !u!222 &2183443430976176818
CanvasRenderer:
  m_ObjectHideFlags: 0
  m_CorrespondingSourceObject: {fileID: 0}
  m_PrefabInstance: {fileID: 0}
  m_PrefabAsset: {fileID: 0}
  m_GameObject: {fileID: 2183443430976176821}
  m_CullTransparentMesh: 0
--- !u!1 &2183443431065188924
GameObject:
  m_ObjectHideFlags: 0
  m_CorrespondingSourceObject: {fileID: 0}
  m_PrefabInstance: {fileID: 0}
  m_PrefabAsset: {fileID: 0}
  serializedVersion: 6
  m_Component:
  - component: {fileID: 2183443431065188923}
  - component: {fileID: 2183443431065188921}
  - component: {fileID: 2183443431065188922}
  m_Layer: 5
  m_Name: BG
  m_TagString: Untagged
  m_Icon: {fileID: 0}
  m_NavMeshLayer: 0
  m_StaticEditorFlags: 0
  m_IsActive: 1
--- !u!224 &2183443431065188923
RectTransform:
  m_ObjectHideFlags: 0
  m_CorrespondingSourceObject: {fileID: 0}
  m_PrefabInstance: {fileID: 0}
  m_PrefabAsset: {fileID: 0}
  m_GameObject: {fileID: 2183443431065188924}
  m_LocalRotation: {x: 0, y: 0, z: 0, w: 1}
  m_LocalPosition: {x: 0, y: 0, z: 0}
  m_LocalScale: {x: 1, y: 1, z: 1}
  m_Children: []
  m_Father: {fileID: 2183443430331403392}
  m_RootOrder: 0
  m_LocalEulerAnglesHint: {x: 0, y: 0, z: 0}
  m_AnchorMin: {x: -0.021562504, y: -0.11543781}
  m_AnchorMax: {x: 1.0215625, y: 0.55420274}
  m_AnchoredPosition: {x: 0, y: -0.0000038146973}
  m_SizeDelta: {x: 0, y: -0.0000038146973}
  m_Pivot: {x: 0.5, y: 0.5}
--- !u!222 &2183443431065188921
CanvasRenderer:
  m_ObjectHideFlags: 0
  m_CorrespondingSourceObject: {fileID: 0}
  m_PrefabInstance: {fileID: 0}
  m_PrefabAsset: {fileID: 0}
  m_GameObject: {fileID: 2183443431065188924}
  m_CullTransparentMesh: 0
--- !u!114 &2183443431065188922
MonoBehaviour:
  m_ObjectHideFlags: 0
  m_CorrespondingSourceObject: {fileID: 0}
  m_PrefabInstance: {fileID: 0}
  m_PrefabAsset: {fileID: 0}
  m_GameObject: {fileID: 2183443431065188924}
  m_Enabled: 1
  m_EditorHideFlags: 0
  m_Script: {fileID: 11500000, guid: fe87c0e1cc204ed48ad3b37840f39efc, type: 3}
  m_Name: 
  m_EditorClassIdentifier: 
  m_Material: {fileID: 0}
  m_Color: {r: 1, g: 1, b: 1, a: 1}
  m_RaycastTarget: 0
  m_OnCullStateChanged:
    m_PersistentCalls:
      m_Calls: []
  m_Sprite: {fileID: -6194956999190772211, guid: 2ad74ae083489dc4fb2bfbc5c10f3b69,
    type: 3}
  m_Type: 0
  m_PreserveAspect: 0
  m_FillCenter: 1
  m_FillMethod: 4
  m_FillAmount: 1
  m_FillClockwise: 1
  m_FillOrigin: 0
  m_UseSpriteMesh: 0
  m_PixelsPerUnitMultiplier: 1
--- !u!1001 &2183443429584329286
PrefabInstance:
  m_ObjectHideFlags: 0
  serializedVersion: 2
  m_Modification:
    m_TransformParent: {fileID: 2183443429694976073}
    m_Modifications:
    - target: {fileID: 3797198117427004281, guid: b5e4dbba645f2a44ebdff0697e0033e1,
        type: 3}
      propertyPath: m_LocalPosition.x
      value: 0
      objectReference: {fileID: 0}
    - target: {fileID: 3797198117427004281, guid: b5e4dbba645f2a44ebdff0697e0033e1,
        type: 3}
      propertyPath: m_LocalPosition.y
      value: 0
      objectReference: {fileID: 0}
    - target: {fileID: 3797198117427004281, guid: b5e4dbba645f2a44ebdff0697e0033e1,
        type: 3}
      propertyPath: m_LocalPosition.z
      value: 0
      objectReference: {fileID: 0}
    - target: {fileID: 3797198117427004281, guid: b5e4dbba645f2a44ebdff0697e0033e1,
        type: 3}
      propertyPath: m_LocalRotation.x
      value: 0
      objectReference: {fileID: 0}
    - target: {fileID: 3797198117427004281, guid: b5e4dbba645f2a44ebdff0697e0033e1,
        type: 3}
      propertyPath: m_LocalRotation.y
      value: 0
      objectReference: {fileID: 0}
    - target: {fileID: 3797198117427004281, guid: b5e4dbba645f2a44ebdff0697e0033e1,
        type: 3}
      propertyPath: m_LocalRotation.z
      value: 0
      objectReference: {fileID: 0}
    - target: {fileID: 3797198117427004281, guid: b5e4dbba645f2a44ebdff0697e0033e1,
        type: 3}
      propertyPath: m_LocalRotation.w
      value: 1
      objectReference: {fileID: 0}
    - target: {fileID: 3797198117427004281, guid: b5e4dbba645f2a44ebdff0697e0033e1,
        type: 3}
      propertyPath: m_RootOrder
      value: 0
      objectReference: {fileID: 0}
    - target: {fileID: 3797198117427004281, guid: b5e4dbba645f2a44ebdff0697e0033e1,
        type: 3}
      propertyPath: m_LocalEulerAnglesHint.x
      value: 0
      objectReference: {fileID: 0}
    - target: {fileID: 3797198117427004281, guid: b5e4dbba645f2a44ebdff0697e0033e1,
        type: 3}
      propertyPath: m_LocalEulerAnglesHint.y
      value: 0
      objectReference: {fileID: 0}
    - target: {fileID: 3797198117427004281, guid: b5e4dbba645f2a44ebdff0697e0033e1,
        type: 3}
      propertyPath: m_LocalEulerAnglesHint.z
      value: 0
      objectReference: {fileID: 0}
    - target: {fileID: 3797198117427004281, guid: b5e4dbba645f2a44ebdff0697e0033e1,
        type: 3}
      propertyPath: m_AnchoredPosition.x
      value: 61.75
      objectReference: {fileID: 0}
    - target: {fileID: 3797198117427004281, guid: b5e4dbba645f2a44ebdff0697e0033e1,
        type: 3}
      propertyPath: m_AnchoredPosition.y
      value: -58.939156
      objectReference: {fileID: 0}
    - target: {fileID: 3797198117427004281, guid: b5e4dbba645f2a44ebdff0697e0033e1,
        type: 3}
      propertyPath: m_SizeDelta.x
      value: 83.33332
      objectReference: {fileID: 0}
    - target: {fileID: 3797198117427004281, guid: b5e4dbba645f2a44ebdff0697e0033e1,
        type: 3}
      propertyPath: m_SizeDelta.y
      value: 77.87831
      objectReference: {fileID: 0}
    - target: {fileID: 3797198117427004281, guid: b5e4dbba645f2a44ebdff0697e0033e1,
        type: 3}
      propertyPath: m_AnchorMin.x
      value: 0
      objectReference: {fileID: 0}
    - target: {fileID: 3797198117427004281, guid: b5e4dbba645f2a44ebdff0697e0033e1,
        type: 3}
      propertyPath: m_AnchorMin.y
      value: 1
      objectReference: {fileID: 0}
    - target: {fileID: 3797198117427004281, guid: b5e4dbba645f2a44ebdff0697e0033e1,
        type: 3}
      propertyPath: m_AnchorMax.x
      value: 0
      objectReference: {fileID: 0}
    - target: {fileID: 3797198117427004281, guid: b5e4dbba645f2a44ebdff0697e0033e1,
        type: 3}
      propertyPath: m_AnchorMax.y
      value: 1
      objectReference: {fileID: 0}
    - target: {fileID: 3797198117427004281, guid: b5e4dbba645f2a44ebdff0697e0033e1,
        type: 3}
      propertyPath: m_Pivot.x
      value: 0.5
      objectReference: {fileID: 0}
    - target: {fileID: 3797198117427004281, guid: b5e4dbba645f2a44ebdff0697e0033e1,
        type: 3}
      propertyPath: m_Pivot.y
      value: 0.5
      objectReference: {fileID: 0}
    - target: {fileID: 4595895447628988370, guid: b5e4dbba645f2a44ebdff0697e0033e1,
        type: 3}
      propertyPath: itemType
      value: 2
      objectReference: {fileID: 0}
    - target: {fileID: 8943073822382645832, guid: b5e4dbba645f2a44ebdff0697e0033e1,
        type: 3}
      propertyPath: m_Name
      value: Item UI Option
      objectReference: {fileID: 0}
    m_RemovedComponents: []
  m_SourcePrefab: {fileID: 100100000, guid: b5e4dbba645f2a44ebdff0697e0033e1, type: 3}
--- !u!224 &3098333241318054207 stripped
RectTransform:
  m_CorrespondingSourceObject: {fileID: 3797198117427004281, guid: b5e4dbba645f2a44ebdff0697e0033e1,
    type: 3}
  m_PrefabInstance: {fileID: 2183443429584329286}
  m_PrefabAsset: {fileID: 0}
--- !u!1001 &2183443430382749508
PrefabInstance:
  m_ObjectHideFlags: 0
  serializedVersion: 2
  m_Modification:
    m_TransformParent: {fileID: 2183443429694976073}
    m_Modifications:
    - target: {fileID: 3797198117427004281, guid: b5e4dbba645f2a44ebdff0697e0033e1,
        type: 3}
      propertyPath: m_LocalPosition.x
      value: 0
      objectReference: {fileID: 0}
    - target: {fileID: 3797198117427004281, guid: b5e4dbba645f2a44ebdff0697e0033e1,
        type: 3}
      propertyPath: m_LocalPosition.y
      value: 0
      objectReference: {fileID: 0}
    - target: {fileID: 3797198117427004281, guid: b5e4dbba645f2a44ebdff0697e0033e1,
        type: 3}
      propertyPath: m_LocalPosition.z
      value: 0
      objectReference: {fileID: 0}
    - target: {fileID: 3797198117427004281, guid: b5e4dbba645f2a44ebdff0697e0033e1,
        type: 3}
      propertyPath: m_LocalRotation.x
      value: 0
      objectReference: {fileID: 0}
    - target: {fileID: 3797198117427004281, guid: b5e4dbba645f2a44ebdff0697e0033e1,
        type: 3}
      propertyPath: m_LocalRotation.y
      value: 0
      objectReference: {fileID: 0}
    - target: {fileID: 3797198117427004281, guid: b5e4dbba645f2a44ebdff0697e0033e1,
        type: 3}
      propertyPath: m_LocalRotation.z
      value: 0
      objectReference: {fileID: 0}
    - target: {fileID: 3797198117427004281, guid: b5e4dbba645f2a44ebdff0697e0033e1,
        type: 3}
      propertyPath: m_LocalRotation.w
      value: 1
      objectReference: {fileID: 0}
    - target: {fileID: 3797198117427004281, guid: b5e4dbba645f2a44ebdff0697e0033e1,
        type: 3}
      propertyPath: m_RootOrder
      value: 2
      objectReference: {fileID: 0}
    - target: {fileID: 3797198117427004281, guid: b5e4dbba645f2a44ebdff0697e0033e1,
        type: 3}
      propertyPath: m_LocalEulerAnglesHint.x
      value: 0
      objectReference: {fileID: 0}
    - target: {fileID: 3797198117427004281, guid: b5e4dbba645f2a44ebdff0697e0033e1,
        type: 3}
      propertyPath: m_LocalEulerAnglesHint.y
      value: 0
      objectReference: {fileID: 0}
    - target: {fileID: 3797198117427004281, guid: b5e4dbba645f2a44ebdff0697e0033e1,
        type: 3}
      propertyPath: m_LocalEulerAnglesHint.z
      value: 0
      objectReference: {fileID: 0}
    - target: {fileID: 3797198117427004281, guid: b5e4dbba645f2a44ebdff0697e0033e1,
        type: 3}
      propertyPath: m_AnchoredPosition.x
      value: 268.25
      objectReference: {fileID: 0}
    - target: {fileID: 3797198117427004281, guid: b5e4dbba645f2a44ebdff0697e0033e1,
        type: 3}
      propertyPath: m_AnchoredPosition.y
      value: -58.939156
      objectReference: {fileID: 0}
    - target: {fileID: 3797198117427004281, guid: b5e4dbba645f2a44ebdff0697e0033e1,
        type: 3}
      propertyPath: m_SizeDelta.x
      value: 83.33332
      objectReference: {fileID: 0}
    - target: {fileID: 3797198117427004281, guid: b5e4dbba645f2a44ebdff0697e0033e1,
        type: 3}
      propertyPath: m_SizeDelta.y
      value: 77.87831
      objectReference: {fileID: 0}
    - target: {fileID: 3797198117427004281, guid: b5e4dbba645f2a44ebdff0697e0033e1,
        type: 3}
      propertyPath: m_AnchorMin.x
      value: 0
      objectReference: {fileID: 0}
    - target: {fileID: 3797198117427004281, guid: b5e4dbba645f2a44ebdff0697e0033e1,
        type: 3}
      propertyPath: m_AnchorMin.y
      value: 1
      objectReference: {fileID: 0}
    - target: {fileID: 3797198117427004281, guid: b5e4dbba645f2a44ebdff0697e0033e1,
        type: 3}
      propertyPath: m_AnchorMax.x
      value: 0
      objectReference: {fileID: 0}
    - target: {fileID: 3797198117427004281, guid: b5e4dbba645f2a44ebdff0697e0033e1,
        type: 3}
      propertyPath: m_AnchorMax.y
      value: 1
      objectReference: {fileID: 0}
    - target: {fileID: 3797198117427004281, guid: b5e4dbba645f2a44ebdff0697e0033e1,
        type: 3}
      propertyPath: m_Pivot.x
      value: 0.5
      objectReference: {fileID: 0}
    - target: {fileID: 3797198117427004281, guid: b5e4dbba645f2a44ebdff0697e0033e1,
        type: 3}
      propertyPath: m_Pivot.y
      value: 0.5
      objectReference: {fileID: 0}
    - target: {fileID: 4595895447628988370, guid: b5e4dbba645f2a44ebdff0697e0033e1,
        type: 3}
      propertyPath: itemType
      value: 2
      objectReference: {fileID: 0}
    - target: {fileID: 8943073822382645832, guid: b5e4dbba645f2a44ebdff0697e0033e1,
        type: 3}
      propertyPath: m_Name
      value: Item UI Option (2)
      objectReference: {fileID: 0}
    m_RemovedComponents: []
  m_SourcePrefab: {fileID: 100100000, guid: b5e4dbba645f2a44ebdff0697e0033e1, type: 3}
--- !u!224 &3098333239968465981 stripped
RectTransform:
  m_CorrespondingSourceObject: {fileID: 3797198117427004281, guid: b5e4dbba645f2a44ebdff0697e0033e1,
    type: 3}
  m_PrefabInstance: {fileID: 2183443430382749508}
  m_PrefabAsset: {fileID: 0}
--- !u!1001 &2183443430513496955
PrefabInstance:
  m_ObjectHideFlags: 0
  serializedVersion: 2
  m_Modification:
    m_TransformParent: {fileID: 2183443429694976073}
    m_Modifications:
    - target: {fileID: 3797198117427004281, guid: b5e4dbba645f2a44ebdff0697e0033e1,
        type: 3}
      propertyPath: m_LocalPosition.x
      value: 0
      objectReference: {fileID: 0}
    - target: {fileID: 3797198117427004281, guid: b5e4dbba645f2a44ebdff0697e0033e1,
        type: 3}
      propertyPath: m_LocalPosition.y
      value: 0
      objectReference: {fileID: 0}
    - target: {fileID: 3797198117427004281, guid: b5e4dbba645f2a44ebdff0697e0033e1,
        type: 3}
      propertyPath: m_LocalPosition.z
      value: 0
      objectReference: {fileID: 0}
    - target: {fileID: 3797198117427004281, guid: b5e4dbba645f2a44ebdff0697e0033e1,
        type: 3}
      propertyPath: m_LocalRotation.x
      value: 0
      objectReference: {fileID: 0}
    - target: {fileID: 3797198117427004281, guid: b5e4dbba645f2a44ebdff0697e0033e1,
        type: 3}
      propertyPath: m_LocalRotation.y
      value: 0
      objectReference: {fileID: 0}
    - target: {fileID: 3797198117427004281, guid: b5e4dbba645f2a44ebdff0697e0033e1,
        type: 3}
      propertyPath: m_LocalRotation.z
      value: 0
      objectReference: {fileID: 0}
    - target: {fileID: 3797198117427004281, guid: b5e4dbba645f2a44ebdff0697e0033e1,
        type: 3}
      propertyPath: m_LocalRotation.w
      value: 1
      objectReference: {fileID: 0}
    - target: {fileID: 3797198117427004281, guid: b5e4dbba645f2a44ebdff0697e0033e1,
        type: 3}
      propertyPath: m_RootOrder
      value: 1
      objectReference: {fileID: 0}
    - target: {fileID: 3797198117427004281, guid: b5e4dbba645f2a44ebdff0697e0033e1,
        type: 3}
      propertyPath: m_LocalEulerAnglesHint.x
      value: 0
      objectReference: {fileID: 0}
    - target: {fileID: 3797198117427004281, guid: b5e4dbba645f2a44ebdff0697e0033e1,
        type: 3}
      propertyPath: m_LocalEulerAnglesHint.y
      value: 0
      objectReference: {fileID: 0}
    - target: {fileID: 3797198117427004281, guid: b5e4dbba645f2a44ebdff0697e0033e1,
        type: 3}
      propertyPath: m_LocalEulerAnglesHint.z
      value: 0
      objectReference: {fileID: 0}
    - target: {fileID: 3797198117427004281, guid: b5e4dbba645f2a44ebdff0697e0033e1,
        type: 3}
      propertyPath: m_AnchoredPosition.x
      value: 164.99998
      objectReference: {fileID: 0}
    - target: {fileID: 3797198117427004281, guid: b5e4dbba645f2a44ebdff0697e0033e1,
        type: 3}
      propertyPath: m_AnchoredPosition.y
      value: -58.939156
      objectReference: {fileID: 0}
    - target: {fileID: 3797198117427004281, guid: b5e4dbba645f2a44ebdff0697e0033e1,
        type: 3}
      propertyPath: m_SizeDelta.x
      value: 83.33332
      objectReference: {fileID: 0}
    - target: {fileID: 3797198117427004281, guid: b5e4dbba645f2a44ebdff0697e0033e1,
        type: 3}
      propertyPath: m_SizeDelta.y
      value: 77.87831
      objectReference: {fileID: 0}
    - target: {fileID: 3797198117427004281, guid: b5e4dbba645f2a44ebdff0697e0033e1,
        type: 3}
      propertyPath: m_AnchorMin.x
      value: 0
      objectReference: {fileID: 0}
    - target: {fileID: 3797198117427004281, guid: b5e4dbba645f2a44ebdff0697e0033e1,
        type: 3}
      propertyPath: m_AnchorMin.y
      value: 1
      objectReference: {fileID: 0}
    - target: {fileID: 3797198117427004281, guid: b5e4dbba645f2a44ebdff0697e0033e1,
        type: 3}
      propertyPath: m_AnchorMax.x
      value: 0
      objectReference: {fileID: 0}
    - target: {fileID: 3797198117427004281, guid: b5e4dbba645f2a44ebdff0697e0033e1,
        type: 3}
      propertyPath: m_AnchorMax.y
      value: 1
      objectReference: {fileID: 0}
    - target: {fileID: 3797198117427004281, guid: b5e4dbba645f2a44ebdff0697e0033e1,
        type: 3}
      propertyPath: m_Pivot.x
      value: 0.5
      objectReference: {fileID: 0}
    - target: {fileID: 3797198117427004281, guid: b5e4dbba645f2a44ebdff0697e0033e1,
        type: 3}
      propertyPath: m_Pivot.y
      value: 0.5
      objectReference: {fileID: 0}
    - target: {fileID: 4595895447628988370, guid: b5e4dbba645f2a44ebdff0697e0033e1,
        type: 3}
      propertyPath: itemType
      value: 2
      objectReference: {fileID: 0}
    - target: {fileID: 8943073822382645832, guid: b5e4dbba645f2a44ebdff0697e0033e1,
        type: 3}
      propertyPath: m_Name
      value: Item UI Option (1)
      objectReference: {fileID: 0}
    m_RemovedComponents: []
  m_SourcePrefab: {fileID: 100100000, guid: b5e4dbba645f2a44ebdff0697e0033e1, type: 3}
--- !u!224 &3098333240133292034 stripped
RectTransform:
  m_CorrespondingSourceObject: {fileID: 3797198117427004281, guid: b5e4dbba645f2a44ebdff0697e0033e1,
    type: 3}
  m_PrefabInstance: {fileID: 2183443430513496955}
  m_PrefabAsset: {fileID: 0}
--- !u!1001 &2183443430767896524
PrefabInstance:
  m_ObjectHideFlags: 0
  serializedVersion: 2
  m_Modification:
    m_TransformParent: {fileID: 2183443429694976073}
    m_Modifications:
    - target: {fileID: 3797198117427004281, guid: b5e4dbba645f2a44ebdff0697e0033e1,
        type: 3}
      propertyPath: m_LocalPosition.x
      value: 0
      objectReference: {fileID: 0}
    - target: {fileID: 3797198117427004281, guid: b5e4dbba645f2a44ebdff0697e0033e1,
        type: 3}
      propertyPath: m_LocalPosition.y
      value: 0
      objectReference: {fileID: 0}
    - target: {fileID: 3797198117427004281, guid: b5e4dbba645f2a44ebdff0697e0033e1,
        type: 3}
      propertyPath: m_LocalPosition.z
      value: 0
      objectReference: {fileID: 0}
    - target: {fileID: 3797198117427004281, guid: b5e4dbba645f2a44ebdff0697e0033e1,
        type: 3}
      propertyPath: m_LocalRotation.x
      value: 0
      objectReference: {fileID: 0}
    - target: {fileID: 3797198117427004281, guid: b5e4dbba645f2a44ebdff0697e0033e1,
        type: 3}
      propertyPath: m_LocalRotation.y
      value: 0
      objectReference: {fileID: 0}
    - target: {fileID: 3797198117427004281, guid: b5e4dbba645f2a44ebdff0697e0033e1,
        type: 3}
      propertyPath: m_LocalRotation.z
      value: 0
      objectReference: {fileID: 0}
    - target: {fileID: 3797198117427004281, guid: b5e4dbba645f2a44ebdff0697e0033e1,
        type: 3}
      propertyPath: m_LocalRotation.w
      value: 1
      objectReference: {fileID: 0}
    - target: {fileID: 3797198117427004281, guid: b5e4dbba645f2a44ebdff0697e0033e1,
        type: 3}
      propertyPath: m_RootOrder
      value: 3
      objectReference: {fileID: 0}
    - target: {fileID: 3797198117427004281, guid: b5e4dbba645f2a44ebdff0697e0033e1,
        type: 3}
      propertyPath: m_LocalEulerAnglesHint.x
      value: 0
      objectReference: {fileID: 0}
    - target: {fileID: 3797198117427004281, guid: b5e4dbba645f2a44ebdff0697e0033e1,
        type: 3}
      propertyPath: m_LocalEulerAnglesHint.y
      value: 0
      objectReference: {fileID: 0}
    - target: {fileID: 3797198117427004281, guid: b5e4dbba645f2a44ebdff0697e0033e1,
        type: 3}
      propertyPath: m_LocalEulerAnglesHint.z
      value: 0
      objectReference: {fileID: 0}
    - target: {fileID: 3797198117427004281, guid: b5e4dbba645f2a44ebdff0697e0033e1,
        type: 3}
      propertyPath: m_AnchoredPosition.x
      value: 371.75
      objectReference: {fileID: 0}
    - target: {fileID: 3797198117427004281, guid: b5e4dbba645f2a44ebdff0697e0033e1,
        type: 3}
      propertyPath: m_AnchoredPosition.y
      value: -58.939156
      objectReference: {fileID: 0}
    - target: {fileID: 3797198117427004281, guid: b5e4dbba645f2a44ebdff0697e0033e1,
        type: 3}
      propertyPath: m_SizeDelta.x
      value: 83.33332
      objectReference: {fileID: 0}
    - target: {fileID: 3797198117427004281, guid: b5e4dbba645f2a44ebdff0697e0033e1,
        type: 3}
      propertyPath: m_SizeDelta.y
      value: 77.87831
      objectReference: {fileID: 0}
    - target: {fileID: 3797198117427004281, guid: b5e4dbba645f2a44ebdff0697e0033e1,
        type: 3}
      propertyPath: m_AnchorMin.x
      value: 0
      objectReference: {fileID: 0}
    - target: {fileID: 3797198117427004281, guid: b5e4dbba645f2a44ebdff0697e0033e1,
        type: 3}
      propertyPath: m_AnchorMin.y
      value: 1
      objectReference: {fileID: 0}
    - target: {fileID: 3797198117427004281, guid: b5e4dbba645f2a44ebdff0697e0033e1,
        type: 3}
      propertyPath: m_AnchorMax.x
      value: 0
      objectReference: {fileID: 0}
    - target: {fileID: 3797198117427004281, guid: b5e4dbba645f2a44ebdff0697e0033e1,
        type: 3}
      propertyPath: m_AnchorMax.y
      value: 1
      objectReference: {fileID: 0}
    - target: {fileID: 3797198117427004281, guid: b5e4dbba645f2a44ebdff0697e0033e1,
        type: 3}
      propertyPath: m_Pivot.x
      value: 0.5
      objectReference: {fileID: 0}
    - target: {fileID: 3797198117427004281, guid: b5e4dbba645f2a44ebdff0697e0033e1,
        type: 3}
      propertyPath: m_Pivot.y
      value: 0.5
      objectReference: {fileID: 0}
    - target: {fileID: 4595895447628988370, guid: b5e4dbba645f2a44ebdff0697e0033e1,
        type: 3}
      propertyPath: itemType
      value: 2
      objectReference: {fileID: 0}
    - target: {fileID: 8943073822382645832, guid: b5e4dbba645f2a44ebdff0697e0033e1,
        type: 3}
      propertyPath: m_Name
      value: Item UI Option (3)
      objectReference: {fileID: 0}
    m_RemovedComponents: []
  m_SourcePrefab: {fileID: 100100000, guid: b5e4dbba645f2a44ebdff0697e0033e1, type: 3}
--- !u!224 &3098333240387200181 stripped
RectTransform:
  m_CorrespondingSourceObject: {fileID: 3797198117427004281, guid: b5e4dbba645f2a44ebdff0697e0033e1,
    type: 3}
  m_PrefabInstance: {fileID: 2183443430767896524}
  m_PrefabAsset: {fileID: 0}
--- !u!1001 &2183443431049170824
PrefabInstance:
  m_ObjectHideFlags: 0
  serializedVersion: 2
  m_Modification:
    m_TransformParent: {fileID: 2183443429694976073}
    m_Modifications:
    - target: {fileID: 3797198117427004281, guid: b5e4dbba645f2a44ebdff0697e0033e1,
        type: 3}
      propertyPath: m_LocalPosition.x
      value: 0
      objectReference: {fileID: 0}
    - target: {fileID: 3797198117427004281, guid: b5e4dbba645f2a44ebdff0697e0033e1,
        type: 3}
      propertyPath: m_LocalPosition.y
      value: 0
      objectReference: {fileID: 0}
    - target: {fileID: 3797198117427004281, guid: b5e4dbba645f2a44ebdff0697e0033e1,
        type: 3}
      propertyPath: m_LocalPosition.z
      value: 0
      objectReference: {fileID: 0}
    - target: {fileID: 3797198117427004281, guid: b5e4dbba645f2a44ebdff0697e0033e1,
        type: 3}
      propertyPath: m_LocalRotation.x
      value: 0
      objectReference: {fileID: 0}
    - target: {fileID: 3797198117427004281, guid: b5e4dbba645f2a44ebdff0697e0033e1,
        type: 3}
      propertyPath: m_LocalRotation.y
      value: 0
      objectReference: {fileID: 0}
    - target: {fileID: 3797198117427004281, guid: b5e4dbba645f2a44ebdff0697e0033e1,
        type: 3}
      propertyPath: m_LocalRotation.z
      value: 0
      objectReference: {fileID: 0}
    - target: {fileID: 3797198117427004281, guid: b5e4dbba645f2a44ebdff0697e0033e1,
        type: 3}
      propertyPath: m_LocalRotation.w
      value: 1
      objectReference: {fileID: 0}
    - target: {fileID: 3797198117427004281, guid: b5e4dbba645f2a44ebdff0697e0033e1,
        type: 3}
      propertyPath: m_RootOrder
      value: 5
      objectReference: {fileID: 0}
    - target: {fileID: 3797198117427004281, guid: b5e4dbba645f2a44ebdff0697e0033e1,
        type: 3}
      propertyPath: m_LocalEulerAnglesHint.x
      value: 0
      objectReference: {fileID: 0}
    - target: {fileID: 3797198117427004281, guid: b5e4dbba645f2a44ebdff0697e0033e1,
        type: 3}
      propertyPath: m_LocalEulerAnglesHint.y
      value: 0
      objectReference: {fileID: 0}
    - target: {fileID: 3797198117427004281, guid: b5e4dbba645f2a44ebdff0697e0033e1,
        type: 3}
      propertyPath: m_LocalEulerAnglesHint.z
      value: 0
      objectReference: {fileID: 0}
    - target: {fileID: 3797198117427004281, guid: b5e4dbba645f2a44ebdff0697e0033e1,
        type: 3}
      propertyPath: m_AnchoredPosition.x
      value: 578.25
      objectReference: {fileID: 0}
    - target: {fileID: 3797198117427004281, guid: b5e4dbba645f2a44ebdff0697e0033e1,
        type: 3}
      propertyPath: m_AnchoredPosition.y
      value: -58.939156
      objectReference: {fileID: 0}
    - target: {fileID: 3797198117427004281, guid: b5e4dbba645f2a44ebdff0697e0033e1,
        type: 3}
      propertyPath: m_SizeDelta.x
      value: 83.33332
      objectReference: {fileID: 0}
    - target: {fileID: 3797198117427004281, guid: b5e4dbba645f2a44ebdff0697e0033e1,
        type: 3}
      propertyPath: m_SizeDelta.y
      value: 77.87831
      objectReference: {fileID: 0}
    - target: {fileID: 3797198117427004281, guid: b5e4dbba645f2a44ebdff0697e0033e1,
        type: 3}
      propertyPath: m_AnchorMin.x
      value: 0
      objectReference: {fileID: 0}
    - target: {fileID: 3797198117427004281, guid: b5e4dbba645f2a44ebdff0697e0033e1,
        type: 3}
      propertyPath: m_AnchorMin.y
      value: 1
      objectReference: {fileID: 0}
    - target: {fileID: 3797198117427004281, guid: b5e4dbba645f2a44ebdff0697e0033e1,
        type: 3}
      propertyPath: m_AnchorMax.x
      value: 0
      objectReference: {fileID: 0}
    - target: {fileID: 3797198117427004281, guid: b5e4dbba645f2a44ebdff0697e0033e1,
        type: 3}
      propertyPath: m_AnchorMax.y
      value: 1
      objectReference: {fileID: 0}
    - target: {fileID: 3797198117427004281, guid: b5e4dbba645f2a44ebdff0697e0033e1,
        type: 3}
      propertyPath: m_Pivot.x
      value: 0.5
      objectReference: {fileID: 0}
    - target: {fileID: 3797198117427004281, guid: b5e4dbba645f2a44ebdff0697e0033e1,
        type: 3}
      propertyPath: m_Pivot.y
      value: 0.5
      objectReference: {fileID: 0}
    - target: {fileID: 4595895447628988370, guid: b5e4dbba645f2a44ebdff0697e0033e1,
        type: 3}
      propertyPath: itemType
      value: 2
      objectReference: {fileID: 0}
    - target: {fileID: 8943073822382645832, guid: b5e4dbba645f2a44ebdff0697e0033e1,
        type: 3}
      propertyPath: m_Name
      value: Item UI Option (5)
      objectReference: {fileID: 0}
    m_RemovedComponents: []
  m_SourcePrefab: {fileID: 100100000, guid: b5e4dbba645f2a44ebdff0697e0033e1, type: 3}
--- !u!224 &3098333240668998897 stripped
RectTransform:
  m_CorrespondingSourceObject: {fileID: 3797198117427004281, guid: b5e4dbba645f2a44ebdff0697e0033e1,
    type: 3}
  m_PrefabInstance: {fileID: 2183443431049170824}
  m_PrefabAsset: {fileID: 0}
--- !u!1001 &2183443431276489121
PrefabInstance:
  m_ObjectHideFlags: 0
  serializedVersion: 2
  m_Modification:
    m_TransformParent: {fileID: 2183443429694976073}
    m_Modifications:
    - target: {fileID: 3797198117427004281, guid: b5e4dbba645f2a44ebdff0697e0033e1,
        type: 3}
      propertyPath: m_LocalPosition.x
      value: 0
      objectReference: {fileID: 0}
    - target: {fileID: 3797198117427004281, guid: b5e4dbba645f2a44ebdff0697e0033e1,
        type: 3}
      propertyPath: m_LocalPosition.y
      value: 0
      objectReference: {fileID: 0}
    - target: {fileID: 3797198117427004281, guid: b5e4dbba645f2a44ebdff0697e0033e1,
        type: 3}
      propertyPath: m_LocalPosition.z
      value: 0
      objectReference: {fileID: 0}
    - target: {fileID: 3797198117427004281, guid: b5e4dbba645f2a44ebdff0697e0033e1,
        type: 3}
      propertyPath: m_LocalRotation.x
      value: 0
      objectReference: {fileID: 0}
    - target: {fileID: 3797198117427004281, guid: b5e4dbba645f2a44ebdff0697e0033e1,
        type: 3}
      propertyPath: m_LocalRotation.y
      value: 0
      objectReference: {fileID: 0}
    - target: {fileID: 3797198117427004281, guid: b5e4dbba645f2a44ebdff0697e0033e1,
        type: 3}
      propertyPath: m_LocalRotation.z
      value: 0
      objectReference: {fileID: 0}
    - target: {fileID: 3797198117427004281, guid: b5e4dbba645f2a44ebdff0697e0033e1,
        type: 3}
      propertyPath: m_LocalRotation.w
      value: 1
      objectReference: {fileID: 0}
    - target: {fileID: 3797198117427004281, guid: b5e4dbba645f2a44ebdff0697e0033e1,
        type: 3}
      propertyPath: m_RootOrder
      value: 4
      objectReference: {fileID: 0}
    - target: {fileID: 3797198117427004281, guid: b5e4dbba645f2a44ebdff0697e0033e1,
        type: 3}
      propertyPath: m_LocalEulerAnglesHint.x
      value: 0
      objectReference: {fileID: 0}
    - target: {fileID: 3797198117427004281, guid: b5e4dbba645f2a44ebdff0697e0033e1,
        type: 3}
      propertyPath: m_LocalEulerAnglesHint.y
      value: 0
      objectReference: {fileID: 0}
    - target: {fileID: 3797198117427004281, guid: b5e4dbba645f2a44ebdff0697e0033e1,
        type: 3}
      propertyPath: m_LocalEulerAnglesHint.z
      value: 0
      objectReference: {fileID: 0}
    - target: {fileID: 3797198117427004281, guid: b5e4dbba645f2a44ebdff0697e0033e1,
        type: 3}
      propertyPath: m_AnchoredPosition.x
      value: 0
      objectReference: {fileID: 0}
    - target: {fileID: 3797198117427004281, guid: b5e4dbba645f2a44ebdff0697e0033e1,
        type: 3}
      propertyPath: m_AnchoredPosition.y
      value: 0
      objectReference: {fileID: 0}
    - target: {fileID: 3797198117427004281, guid: b5e4dbba645f2a44ebdff0697e0033e1,
        type: 3}
      propertyPath: m_SizeDelta.x
      value: -0.000030517578
      objectReference: {fileID: 0}
    - target: {fileID: 3797198117427004281, guid: b5e4dbba645f2a44ebdff0697e0033e1,
        type: 3}
      propertyPath: m_SizeDelta.y
      value: 0
      objectReference: {fileID: 0}
    - target: {fileID: 3797198117427004281, guid: b5e4dbba645f2a44ebdff0697e0033e1,
        type: 3}
      propertyPath: m_AnchorMin.x
      value: 0.6770833
      objectReference: {fileID: 0}
    - target: {fileID: 3797198117427004281, guid: b5e4dbba645f2a44ebdff0697e0033e1,
        type: 3}
      propertyPath: m_AnchorMin.y
      value: 0.1696665
      objectReference: {fileID: 0}
    - target: {fileID: 3797198117427004281, guid: b5e4dbba645f2a44ebdff0697e0033e1,
        type: 3}
      propertyPath: m_AnchorMax.x
      value: 0.8072917
      objectReference: {fileID: 0}
    - target: {fileID: 3797198117427004281, guid: b5e4dbba645f2a44ebdff0697e0033e1,
        type: 3}
      propertyPath: m_AnchorMax.y
      value: 0.83033353
      objectReference: {fileID: 0}
    - target: {fileID: 3797198117427004281, guid: b5e4dbba645f2a44ebdff0697e0033e1,
        type: 3}
      propertyPath: m_Pivot.x
      value: 0.5
      objectReference: {fileID: 0}
    - target: {fileID: 3797198117427004281, guid: b5e4dbba645f2a44ebdff0697e0033e1,
        type: 3}
      propertyPath: m_Pivot.y
      value: 0.5
      objectReference: {fileID: 0}
    - target: {fileID: 4595895447628988370, guid: b5e4dbba645f2a44ebdff0697e0033e1,
        type: 3}
      propertyPath: itemType
      value: 2
      objectReference: {fileID: 0}
    - target: {fileID: 8943073822382645832, guid: b5e4dbba645f2a44ebdff0697e0033e1,
        type: 3}
      propertyPath: m_Name
      value: Item UI Option (4)
      objectReference: {fileID: 0}
    m_RemovedComponents: []
  m_SourcePrefab: {fileID: 100100000, guid: b5e4dbba645f2a44ebdff0697e0033e1, type: 3}
--- !u!224 &3098333240962968280 stripped
RectTransform:
  m_CorrespondingSourceObject: {fileID: 3797198117427004281, guid: b5e4dbba645f2a44ebdff0697e0033e1,
    type: 3}
  m_PrefabInstance: {fileID: 2183443431276489121}
  m_PrefabAsset: {fileID: 0}
--- !u!1001 &3828732182471437844
PrefabInstance:
  m_ObjectHideFlags: 0
  serializedVersion: 2
  m_Modification:
    m_TransformParent: {fileID: 2183443430976176820}
    m_Modifications:
    - target: {fileID: 1494490046, guid: be159d7406accec41a3d8bc9cee6a0d7, type: 3}
      propertyPath: m_OnClick.m_PersistentCalls.m_Calls.Array.size
      value: 2
      objectReference: {fileID: 0}
    - target: {fileID: 1494490046, guid: be159d7406accec41a3d8bc9cee6a0d7, type: 3}
      propertyPath: m_TargetGraphic
      value: 
      objectReference: {fileID: 7902124384910159339}
    - target: {fileID: 1494490046, guid: be159d7406accec41a3d8bc9cee6a0d7, type: 3}
      propertyPath: m_OnClick.m_PersistentCalls.m_Calls.Array.data[0].m_Target
      value: 
      objectReference: {fileID: 0}
    - target: {fileID: 1494490046, guid: be159d7406accec41a3d8bc9cee6a0d7, type: 3}
      propertyPath: m_OnClick.m_PersistentCalls.m_Calls.Array.data[1].m_Mode
      value: 6
      objectReference: {fileID: 0}
    - target: {fileID: 1494490046, guid: be159d7406accec41a3d8bc9cee6a0d7, type: 3}
      propertyPath: m_OnClick.m_PersistentCalls.m_Calls.Array.data[1].m_Arguments.m_BoolArgument
      value: 1
      objectReference: {fileID: 0}
    - target: {fileID: 1494490046, guid: be159d7406accec41a3d8bc9cee6a0d7, type: 3}
      propertyPath: m_OnClick.m_PersistentCalls.m_Calls.Array.data[1].m_CallState
      value: 2
      objectReference: {fileID: 0}
    - target: {fileID: 1494490046, guid: be159d7406accec41a3d8bc9cee6a0d7, type: 3}
      propertyPath: m_OnClick.m_PersistentCalls.m_Calls.Array.data[1].m_Target
      value: 
      objectReference: {fileID: 2183443429383542919}
    - target: {fileID: 1494490046, guid: be159d7406accec41a3d8bc9cee6a0d7, type: 3}
      propertyPath: m_OnClick.m_PersistentCalls.m_Calls.Array.data[1].m_MethodName
      value: SetActive
      objectReference: {fileID: 0}
    - target: {fileID: 1494490046, guid: be159d7406accec41a3d8bc9cee6a0d7, type: 3}
      propertyPath: m_OnClick.m_PersistentCalls.m_Calls.Array.data[1].m_Arguments.m_ObjectArgumentAssemblyTypeName
      value: UnityEngine.Object, UnityEngine
      objectReference: {fileID: 0}
    - target: {fileID: 3129796789529545322, guid: be159d7406accec41a3d8bc9cee6a0d7,
        type: 3}
      propertyPath: m_LocalPosition.x
      value: 0
      objectReference: {fileID: 0}
    - target: {fileID: 3129796789529545322, guid: be159d7406accec41a3d8bc9cee6a0d7,
        type: 3}
      propertyPath: m_LocalPosition.y
      value: 0
      objectReference: {fileID: 0}
    - target: {fileID: 3129796789529545322, guid: be159d7406accec41a3d8bc9cee6a0d7,
        type: 3}
      propertyPath: m_LocalPosition.z
      value: 0
      objectReference: {fileID: 0}
    - target: {fileID: 3129796789529545322, guid: be159d7406accec41a3d8bc9cee6a0d7,
        type: 3}
      propertyPath: m_LocalRotation.x
      value: 0
      objectReference: {fileID: 0}
    - target: {fileID: 3129796789529545322, guid: be159d7406accec41a3d8bc9cee6a0d7,
        type: 3}
      propertyPath: m_LocalRotation.y
      value: 0
      objectReference: {fileID: 0}
    - target: {fileID: 3129796789529545322, guid: be159d7406accec41a3d8bc9cee6a0d7,
        type: 3}
      propertyPath: m_LocalRotation.z
      value: 0
      objectReference: {fileID: 0}
    - target: {fileID: 3129796789529545322, guid: be159d7406accec41a3d8bc9cee6a0d7,
        type: 3}
      propertyPath: m_LocalRotation.w
      value: 1
      objectReference: {fileID: 0}
    - target: {fileID: 3129796789529545322, guid: be159d7406accec41a3d8bc9cee6a0d7,
        type: 3}
      propertyPath: m_RootOrder
      value: 0
      objectReference: {fileID: 0}
    - target: {fileID: 3129796789529545322, guid: be159d7406accec41a3d8bc9cee6a0d7,
        type: 3}
      propertyPath: m_LocalEulerAnglesHint.x
      value: 0
      objectReference: {fileID: 0}
    - target: {fileID: 3129796789529545322, guid: be159d7406accec41a3d8bc9cee6a0d7,
        type: 3}
      propertyPath: m_LocalEulerAnglesHint.y
      value: 0
      objectReference: {fileID: 0}
    - target: {fileID: 3129796789529545322, guid: be159d7406accec41a3d8bc9cee6a0d7,
        type: 3}
      propertyPath: m_LocalEulerAnglesHint.z
      value: 0
      objectReference: {fileID: 0}
    - target: {fileID: 3129796789529545322, guid: be159d7406accec41a3d8bc9cee6a0d7,
        type: 3}
      propertyPath: m_AnchoredPosition.x
      value: 0
      objectReference: {fileID: 0}
    - target: {fileID: 3129796789529545322, guid: be159d7406accec41a3d8bc9cee6a0d7,
        type: 3}
      propertyPath: m_AnchoredPosition.y
      value: 0
      objectReference: {fileID: 0}
    - target: {fileID: 3129796789529545322, guid: be159d7406accec41a3d8bc9cee6a0d7,
        type: 3}
      propertyPath: m_SizeDelta.x
      value: -0.0000035762787
      objectReference: {fileID: 0}
    - target: {fileID: 3129796789529545322, guid: be159d7406accec41a3d8bc9cee6a0d7,
        type: 3}
      propertyPath: m_SizeDelta.y
      value: 0
      objectReference: {fileID: 0}
    - target: {fileID: 3129796789529545322, guid: be159d7406accec41a3d8bc9cee6a0d7,
        type: 3}
      propertyPath: m_AnchorMin.x
      value: 0.2797063
      objectReference: {fileID: 0}
    - target: {fileID: 3129796789529545322, guid: be159d7406accec41a3d8bc9cee6a0d7,
        type: 3}
      propertyPath: m_AnchorMin.y
      value: -0.051274106
      objectReference: {fileID: 0}
    - target: {fileID: 3129796789529545322, guid: be159d7406accec41a3d8bc9cee6a0d7,
        type: 3}
      propertyPath: m_AnchorMax.x
      value: 0.38891882
      objectReference: {fileID: 0}
    - target: {fileID: 3129796789529545322, guid: be159d7406accec41a3d8bc9cee6a0d7,
        type: 3}
      propertyPath: m_AnchorMax.y
      value: 1.051274
      objectReference: {fileID: 0}
    - target: {fileID: 3129796789529545322, guid: be159d7406accec41a3d8bc9cee6a0d7,
        type: 3}
      propertyPath: m_Pivot.x
      value: 0.5
      objectReference: {fileID: 0}
    - target: {fileID: 3129796789529545322, guid: be159d7406accec41a3d8bc9cee6a0d7,
        type: 3}
      propertyPath: m_Pivot.y
      value: 0.5
      objectReference: {fileID: 0}
    - target: {fileID: 3129796789529545323, guid: be159d7406accec41a3d8bc9cee6a0d7,
        type: 3}
      propertyPath: m_Name
      value: Help Tool
      objectReference: {fileID: 0}
    m_RemovedComponents: []
  m_SourcePrefab: {fileID: 100100000, guid: be159d7406accec41a3d8bc9cee6a0d7, type: 3}
--- !u!224 &2183443431056073854 stripped
RectTransform:
  m_CorrespondingSourceObject: {fileID: 3129796789529545322, guid: be159d7406accec41a3d8bc9cee6a0d7,
    type: 3}
  m_PrefabInstance: {fileID: 3828732182471437844}
  m_PrefabAsset: {fileID: 0}
--- !u!1001 &4471530294034604993
PrefabInstance:
  m_ObjectHideFlags: 0
  serializedVersion: 2
  m_Modification:
    m_TransformParent: {fileID: 2183443430976176820}
    m_Modifications:
    - target: {fileID: 2324762475233973498, guid: f9bdd85065d1e634ab02be953f8d5c3e,
        type: 3}
      propertyPath: m_LocalPosition.x
      value: 0
      objectReference: {fileID: 0}
    - target: {fileID: 2324762475233973498, guid: f9bdd85065d1e634ab02be953f8d5c3e,
        type: 3}
      propertyPath: m_LocalPosition.y
      value: 0
      objectReference: {fileID: 0}
    - target: {fileID: 2324762475233973498, guid: f9bdd85065d1e634ab02be953f8d5c3e,
        type: 3}
      propertyPath: m_LocalPosition.z
      value: 0
      objectReference: {fileID: 0}
    - target: {fileID: 2324762475233973498, guid: f9bdd85065d1e634ab02be953f8d5c3e,
        type: 3}
      propertyPath: m_LocalRotation.x
      value: 0
      objectReference: {fileID: 0}
    - target: {fileID: 2324762475233973498, guid: f9bdd85065d1e634ab02be953f8d5c3e,
        type: 3}
      propertyPath: m_LocalRotation.y
      value: 0
      objectReference: {fileID: 0}
    - target: {fileID: 2324762475233973498, guid: f9bdd85065d1e634ab02be953f8d5c3e,
        type: 3}
      propertyPath: m_LocalRotation.z
      value: 0
      objectReference: {fileID: 0}
    - target: {fileID: 2324762475233973498, guid: f9bdd85065d1e634ab02be953f8d5c3e,
        type: 3}
      propertyPath: m_LocalRotation.w
      value: 1
      objectReference: {fileID: 0}
    - target: {fileID: 2324762475233973498, guid: f9bdd85065d1e634ab02be953f8d5c3e,
        type: 3}
      propertyPath: m_RootOrder
      value: 2
      objectReference: {fileID: 0}
    - target: {fileID: 2324762475233973498, guid: f9bdd85065d1e634ab02be953f8d5c3e,
        type: 3}
      propertyPath: m_LocalEulerAnglesHint.x
      value: 0
      objectReference: {fileID: 0}
    - target: {fileID: 2324762475233973498, guid: f9bdd85065d1e634ab02be953f8d5c3e,
        type: 3}
      propertyPath: m_LocalEulerAnglesHint.y
      value: 0
      objectReference: {fileID: 0}
    - target: {fileID: 2324762475233973498, guid: f9bdd85065d1e634ab02be953f8d5c3e,
        type: 3}
      propertyPath: m_LocalEulerAnglesHint.z
      value: 0
      objectReference: {fileID: 0}
    - target: {fileID: 2324762475233973498, guid: f9bdd85065d1e634ab02be953f8d5c3e,
        type: 3}
      propertyPath: m_AnchoredPosition.x
      value: 0
      objectReference: {fileID: 0}
    - target: {fileID: 2324762475233973498, guid: f9bdd85065d1e634ab02be953f8d5c3e,
        type: 3}
      propertyPath: m_AnchoredPosition.y
      value: 0
      objectReference: {fileID: 0}
    - target: {fileID: 2324762475233973498, guid: f9bdd85065d1e634ab02be953f8d5c3e,
        type: 3}
      propertyPath: m_SizeDelta.x
      value: 0
      objectReference: {fileID: 0}
    - target: {fileID: 2324762475233973498, guid: f9bdd85065d1e634ab02be953f8d5c3e,
        type: 3}
      propertyPath: m_SizeDelta.y
      value: 0
      objectReference: {fileID: 0}
    - target: {fileID: 2324762475233973498, guid: f9bdd85065d1e634ab02be953f8d5c3e,
        type: 3}
      propertyPath: m_AnchorMin.x
      value: 0.6087501
      objectReference: {fileID: 0}
    - target: {fileID: 2324762475233973498, guid: f9bdd85065d1e634ab02be953f8d5c3e,
        type: 3}
      propertyPath: m_AnchorMin.y
      value: -0.051301334
      objectReference: {fileID: 0}
    - target: {fileID: 2324762475233973498, guid: f9bdd85065d1e634ab02be953f8d5c3e,
        type: 3}
      propertyPath: m_AnchorMax.x
      value: 0.71512514
      objectReference: {fileID: 0}
    - target: {fileID: 2324762475233973498, guid: f9bdd85065d1e634ab02be953f8d5c3e,
        type: 3}
      propertyPath: m_AnchorMax.y
      value: 1.0513015
      objectReference: {fileID: 0}
    - target: {fileID: 2324762475233973498, guid: f9bdd85065d1e634ab02be953f8d5c3e,
        type: 3}
      propertyPath: m_Pivot.x
      value: 0.5
      objectReference: {fileID: 0}
    - target: {fileID: 2324762475233973498, guid: f9bdd85065d1e634ab02be953f8d5c3e,
        type: 3}
      propertyPath: m_Pivot.y
      value: 0.5
      objectReference: {fileID: 0}
    - target: {fileID: 2324762475233973501, guid: f9bdd85065d1e634ab02be953f8d5c3e,
        type: 3}
      propertyPath: m_Name
      value: Trash Tool
      objectReference: {fileID: 0}
    m_RemovedComponents: []
  m_SourcePrefab: {fileID: 100100000, guid: f9bdd85065d1e634ab02be953f8d5c3e, type: 3}
--- !u!224 &2183443429343508283 stripped
RectTransform:
  m_CorrespondingSourceObject: {fileID: 2324762475233973498, guid: f9bdd85065d1e634ab02be953f8d5c3e,
    type: 3}
  m_PrefabInstance: {fileID: 4471530294034604993}
  m_PrefabAsset: {fileID: 0}
--- !u!1001 &6929780378505299181
PrefabInstance:
  m_ObjectHideFlags: 0
  serializedVersion: 2
  m_Modification:
    m_TransformParent: {fileID: 2183443430976176820}
    m_Modifications:
    - target: {fileID: 9108143985330902530, guid: d47f51286e0f73b4ba76a0ebf3ec2654,
        type: 3}
      propertyPath: m_OnClick.m_PersistentCalls.m_Calls.Array.size
      value: 0
      objectReference: {fileID: 0}
    - target: {fileID: 9108143985330902530, guid: d47f51286e0f73b4ba76a0ebf3ec2654,
        type: 3}
      propertyPath: m_OnClick.m_PersistentCalls.m_Calls.Array.data[0].m_Mode
      value: 1
      objectReference: {fileID: 0}
    - target: {fileID: 9108143985330902530, guid: d47f51286e0f73b4ba76a0ebf3ec2654,
        type: 3}
      propertyPath: m_OnClick.m_PersistentCalls.m_Calls.Array.data[0].m_CallState
      value: 2
      objectReference: {fileID: 0}
    - target: {fileID: 9108143985330902556, guid: d47f51286e0f73b4ba76a0ebf3ec2654,
        type: 3}
      propertyPath: m_Name
      value: Close Tool
      objectReference: {fileID: 0}
    - target: {fileID: 9108143985330902557, guid: d47f51286e0f73b4ba76a0ebf3ec2654,
        type: 3}
      propertyPath: m_LocalPosition.x
      value: 0
      objectReference: {fileID: 0}
    - target: {fileID: 9108143985330902557, guid: d47f51286e0f73b4ba76a0ebf3ec2654,
        type: 3}
      propertyPath: m_LocalPosition.y
      value: 0
      objectReference: {fileID: 0}
    - target: {fileID: 9108143985330902557, guid: d47f51286e0f73b4ba76a0ebf3ec2654,
        type: 3}
      propertyPath: m_LocalPosition.z
      value: 0
      objectReference: {fileID: 0}
    - target: {fileID: 9108143985330902557, guid: d47f51286e0f73b4ba76a0ebf3ec2654,
        type: 3}
      propertyPath: m_LocalRotation.x
      value: 0
      objectReference: {fileID: 0}
    - target: {fileID: 9108143985330902557, guid: d47f51286e0f73b4ba76a0ebf3ec2654,
        type: 3}
      propertyPath: m_LocalRotation.y
      value: 0
      objectReference: {fileID: 0}
    - target: {fileID: 9108143985330902557, guid: d47f51286e0f73b4ba76a0ebf3ec2654,
        type: 3}
      propertyPath: m_LocalRotation.z
      value: 0
      objectReference: {fileID: 0}
    - target: {fileID: 9108143985330902557, guid: d47f51286e0f73b4ba76a0ebf3ec2654,
        type: 3}
      propertyPath: m_LocalRotation.w
      value: 1
      objectReference: {fileID: 0}
    - target: {fileID: 9108143985330902557, guid: d47f51286e0f73b4ba76a0ebf3ec2654,
        type: 3}
      propertyPath: m_RootOrder
      value: 1
      objectReference: {fileID: 0}
    - target: {fileID: 9108143985330902557, guid: d47f51286e0f73b4ba76a0ebf3ec2654,
        type: 3}
      propertyPath: m_LocalEulerAnglesHint.x
      value: 0
      objectReference: {fileID: 0}
    - target: {fileID: 9108143985330902557, guid: d47f51286e0f73b4ba76a0ebf3ec2654,
        type: 3}
      propertyPath: m_LocalEulerAnglesHint.y
      value: 0
      objectReference: {fileID: 0}
    - target: {fileID: 9108143985330902557, guid: d47f51286e0f73b4ba76a0ebf3ec2654,
        type: 3}
      propertyPath: m_LocalEulerAnglesHint.z
      value: 0
      objectReference: {fileID: 0}
    - target: {fileID: 9108143985330902557, guid: d47f51286e0f73b4ba76a0ebf3ec2654,
        type: 3}
      propertyPath: m_AnchoredPosition.x
      value: 0
      objectReference: {fileID: 0}
    - target: {fileID: 9108143985330902557, guid: d47f51286e0f73b4ba76a0ebf3ec2654,
        type: 3}
      propertyPath: m_AnchoredPosition.y
      value: 1.6600037
      objectReference: {fileID: 0}
    - target: {fileID: 9108143985330902557, guid: d47f51286e0f73b4ba76a0ebf3ec2654,
        type: 3}
      propertyPath: m_SizeDelta.x
      value: 0
      objectReference: {fileID: 0}
    - target: {fileID: 9108143985330902557, guid: d47f51286e0f73b4ba76a0ebf3ec2654,
        type: 3}
      propertyPath: m_SizeDelta.y
      value: 0
      objectReference: {fileID: 0}
    - target: {fileID: 9108143985330902557, guid: d47f51286e0f73b4ba76a0ebf3ec2654,
        type: 3}
      propertyPath: m_AnchorMin.x
      value: 0.4409938
      objectReference: {fileID: 0}
    - target: {fileID: 9108143985330902557, guid: d47f51286e0f73b4ba76a0ebf3ec2654,
        type: 3}
      propertyPath: m_AnchorMin.y
      value: -0.070203334
      objectReference: {fileID: 0}
    - target: {fileID: 9108143985330902557, guid: d47f51286e0f73b4ba76a0ebf3ec2654,
        type: 3}
      propertyPath: m_AnchorMax.x
      value: 0.55900633
      objectReference: {fileID: 0}
    - target: {fileID: 9108143985330902557, guid: d47f51286e0f73b4ba76a0ebf3ec2654,
        type: 3}
      propertyPath: m_AnchorMax.y
      value: 1.0702034
      objectReference: {fileID: 0}
    - target: {fileID: 9108143985330902557, guid: d47f51286e0f73b4ba76a0ebf3ec2654,
        type: 3}
      propertyPath: m_Pivot.x
      value: 0.5
      objectReference: {fileID: 0}
    - target: {fileID: 9108143985330902557, guid: d47f51286e0f73b4ba76a0ebf3ec2654,
        type: 3}
      propertyPath: m_Pivot.y
      value: 0.5
      objectReference: {fileID: 0}
    m_RemovedComponents: []
  m_SourcePrefab: {fileID: 100100000, guid: d47f51286e0f73b4ba76a0ebf3ec2654, type: 3}
--- !u!114 &7902124384910159339 stripped
MonoBehaviour:
  m_CorrespondingSourceObject: {fileID: 973475482530113798, guid: d47f51286e0f73b4ba76a0ebf3ec2654,
    type: 3}
  m_PrefabInstance: {fileID: 6929780378505299181}
  m_PrefabAsset: {fileID: 0}
  m_GameObject: {fileID: 0}
  m_Enabled: 1
  m_EditorHideFlags: 0
  m_Script: {fileID: 11500000, guid: fe87c0e1cc204ed48ad3b37840f39efc, type: 3}
  m_Name: 
  m_EditorClassIdentifier: 
--- !u!224 &2183443431077286640 stripped
RectTransform:
  m_CorrespondingSourceObject: {fileID: 9108143985330902557, guid: d47f51286e0f73b4ba76a0ebf3ec2654,
    type: 3}
  m_PrefabInstance: {fileID: 6929780378505299181}
  m_PrefabAsset: {fileID: 0}
