%YAML 1.1
%TAG !u! tag:unity3d.com,2011:
--- !u!1 &1385513698556243321
GameObject:
  m_ObjectHideFlags: 0
  m_CorrespondingSourceObject: {fileID: 0}
  m_PrefabInstance: {fileID: 0}
  m_PrefabAsset: {fileID: 0}
  serializedVersion: 6
  m_Component:
  - component: {fileID: 6545455883770264667}
  m_Layer: 9
  m_Name: Sweat Position
  m_TagString: Untagged
  m_Icon: {fileID: 0}
  m_NavMeshLayer: 0
  m_StaticEditorFlags: 0
  m_IsActive: 1
--- !u!4 &6545455883770264667
Transform:
  m_ObjectHideFlags: 0
  m_CorrespondingSourceObject: {fileID: 0}
  m_PrefabInstance: {fileID: 0}
  m_PrefabAsset: {fileID: 0}
  m_GameObject: {fileID: 1385513698556243321}
  m_LocalRotation: {x: -0, y: -0, z: -0, w: 1}
  m_LocalPosition: {x: 0.66, y: 1.12, z: 0}
  m_LocalScale: {x: 0.9, y: 0.9, z: 0.9}
  m_Children: []
  m_Father: {fileID: 6834980579809685663}
  m_RootOrder: 2
  m_LocalEulerAnglesHint: {x: 0, y: 0, z: 0}
--- !u!1 &1787821079720028448
GameObject:
  m_ObjectHideFlags: 0
  m_CorrespondingSourceObject: {fileID: 0}
  m_PrefabInstance: {fileID: 0}
  m_PrefabAsset: {fileID: 0}
  serializedVersion: 6
  m_Component:
  - component: {fileID: 6834980579809685663}
  - component: {fileID: 2772586697197890287}
  - component: {fileID: 4679643932994815189}
  - component: {fileID: 3223132716245905164}
  - component: {fileID: 8779692464403756375}
  m_Layer: 9
  m_Name: Origami
  m_TagString: Untagged
  m_Icon: {fileID: 0}
  m_NavMeshLayer: 0
  m_StaticEditorFlags: 0
  m_IsActive: 1
--- !u!4 &6834980579809685663
Transform:
  m_ObjectHideFlags: 0
  m_CorrespondingSourceObject: {fileID: 0}
  m_PrefabInstance: {fileID: 0}
  m_PrefabAsset: {fileID: 0}
  m_GameObject: {fileID: 1787821079720028448}
  m_LocalRotation: {x: 0, y: 0, z: 0, w: 1}
  m_LocalPosition: {x: -0.04, y: 0.02, z: -11.685921}
  m_LocalScale: {x: 1, y: 1, z: 1}
  m_Children:
  - {fileID: 7918911703311346233}
  - {fileID: 1805471019598667340}
  - {fileID: 6545455883770264667}
  - {fileID: 5421066945116876247}
  m_Father: {fileID: 0}
  m_RootOrder: 0
  m_LocalEulerAnglesHint: {x: 0, y: 0, z: 0}
--- !u!58 &2772586697197890287
CircleCollider2D:
  m_ObjectHideFlags: 0
  m_CorrespondingSourceObject: {fileID: 0}
  m_PrefabInstance: {fileID: 0}
  m_PrefabAsset: {fileID: 0}
  m_GameObject: {fileID: 1787821079720028448}
  m_Enabled: 1
  m_Density: 1
  m_Material: {fileID: 0}
  m_IsTrigger: 1
  m_UsedByEffector: 0
  m_UsedByComposite: 0
  m_Offset: {x: 0, y: 0}
  serializedVersion: 2
  m_Radius: 4.11
--- !u!114 &4679643932994815189
MonoBehaviour:
  m_ObjectHideFlags: 0
  m_CorrespondingSourceObject: {fileID: 0}
  m_PrefabInstance: {fileID: 0}
  m_PrefabAsset: {fileID: 0}
  m_GameObject: {fileID: 1787821079720028448}
  m_Enabled: 1
  m_EditorHideFlags: 0
  m_Script: {fileID: 11500000, guid: bc3da9284179c034e95cb0379b8ec3ef, type: 3}
  m_Name: 
  m_EditorClassIdentifier: 
  isDraggingSomething: {fileID: 11400000, guid: e1e8b385d974fd7448eec4b7318b29e3,
    type: 2}
  interactaboleManager: {fileID: 3223132716245905164}
  disableAllChildrenCollider: 1
  colliderOnDragging:
  - {fileID: 2772586697197890287}
  colliderOnNoDrag: []
--- !u!114 &3223132716245905164
MonoBehaviour:
  m_ObjectHideFlags: 0
  m_CorrespondingSourceObject: {fileID: 0}
  m_PrefabInstance: {fileID: 0}
  m_PrefabAsset: {fileID: 0}
  m_GameObject: {fileID: 1787821079720028448}
  m_Enabled: 1
  m_EditorHideFlags: 0
  m_Script: {fileID: 11500000, guid: 5c76066a6b830bf40a1bfd9d481478f8, type: 3}
  m_Name: 
  m_EditorClassIdentifier: 
  helpText: origami!
  helpShowTime: 2
  InventoryItem: {fileID: 0}
  sweatPosition: {fileID: 6545455883770264667}
  threeLinesEffect: {fileID: 1805471019598667297}
  isInFocusMode: {fileID: 11400000, guid: 81abb36f8673951409a29f50b33755a9, type: 2}
  onFocusAlphaValue: 1
  onOutFocusAlphaValue: 0.5
  highestSaturation: 1.3
  lowestSaturation: 0.3
  saturationChangeTime: 1
  spriteRenderers:
  - {fileID: 4540019572586126655}
  OriginalOrderInLayer: 0
  swipeLeft: {fileID: 11400000, guid: 1adeef7bc5e5dd04cbf32d71af7166b1, type: 2}
  swipeRight: {fileID: 11400000, guid: 9e185253d97a21144925f0b88b30e621, type: 2}
  swipeDown: {fileID: 11400000, guid: 93f04d64488bc6f419536b6882819b06, type: 2}
  swipeUp: {fileID: 11400000, guid: 6f78873fa506f5f46a264214a864dc07, type: 2}
  tap: {fileID: 11400000, guid: 69fdd1839c21f7749a7d4e820c6d7ec3, type: 2}
  resultsCount: 4
  animator: {fileID: 681644883923098844}
  progressParameter: Progress
  resultParameter: Result Index
  neglectSeconds: 30
  secondToAddToCollectiveNeonTimeOnComplete: 5
  showIndicatorAfterSeconds: 1.5
  tapIndicatorLocation: {fileID: 5421066945116876247}
--- !u!210 &8779692464403756375
SortingGroup:
  m_ObjectHideFlags: 0
  m_CorrespondingSourceObject: {fileID: 0}
  m_PrefabInstance: {fileID: 0}
  m_PrefabAsset: {fileID: 0}
  m_GameObject: {fileID: 1787821079720028448}
  m_Enabled: 1
  m_SortingLayerID: 0
  m_SortingLayer: 0
  m_SortingOrder: 0
--- !u!1 &4945532074722047919
GameObject:
  m_ObjectHideFlags: 0
  m_CorrespondingSourceObject: {fileID: 0}
  m_PrefabInstance: {fileID: 0}
  m_PrefabAsset: {fileID: 0}
  serializedVersion: 6
  m_Component:
  - component: {fileID: 7918911703311346233}
  - component: {fileID: 4540019572586126655}
  - component: {fileID: 681644883923098844}
  m_Layer: 0
  m_Name: Image
  m_TagString: Untagged
  m_Icon: {fileID: 0}
  m_NavMeshLayer: 0
  m_StaticEditorFlags: 0
  m_IsActive: 1
--- !u!4 &7918911703311346233
Transform:
  m_ObjectHideFlags: 0
  m_CorrespondingSourceObject: {fileID: 0}
  m_PrefabInstance: {fileID: 0}
  m_PrefabAsset: {fileID: 0}
  m_GameObject: {fileID: 4945532074722047919}
  m_LocalRotation: {x: -0, y: -0, z: -0, w: 1}
  m_LocalPosition: {x: 0, y: 0, z: 0}
  m_LocalScale: {x: 1, y: 1, z: 1}
  m_Children: []
  m_Father: {fileID: 6834980579809685663}
  m_RootOrder: 0
  m_LocalEulerAnglesHint: {x: 0, y: 0, z: 0}
--- !u!212 &4540019572586126655
SpriteRenderer:
  m_ObjectHideFlags: 0
  m_CorrespondingSourceObject: {fileID: 0}
  m_PrefabInstance: {fileID: 0}
  m_PrefabAsset: {fileID: 0}
  m_GameObject: {fileID: 4945532074722047919}
  m_Enabled: 1
  m_CastShadows: 0
  m_ReceiveShadows: 0
  m_DynamicOccludee: 1
  m_MotionVectors: 1
  m_LightProbeUsage: 1
  m_ReflectionProbeUsage: 1
  m_RayTracingMode: 0
  m_RenderingLayerMask: 1
  m_RendererPriority: 0
  m_Materials:
  - {fileID: 2100000, guid: 29e6e4ac697b1ab498a52fc9447deae0, type: 2}
  m_StaticBatchInfo:
    firstSubMesh: 0
    subMeshCount: 0
  m_StaticBatchRoot: {fileID: 0}
  m_ProbeAnchor: {fileID: 0}
  m_LightProbeVolumeOverride: {fileID: 0}
  m_ScaleInLightmap: 1
  m_ReceiveGI: 1
  m_PreserveUVs: 0
  m_IgnoreNormalsForChartDetection: 0
  m_ImportantGI: 0
  m_StitchLightmapSeams: 1
  m_SelectedEditorRenderState: 0
  m_MinimumChartSize: 4
  m_AutoUVMaxDistance: 0.5
  m_AutoUVMaxAngle: 89
  m_LightmapParameters: {fileID: 0}
  m_SortingLayerID: 0
  m_SortingLayer: 0
  m_SortingOrder: 10
  m_Sprite: {fileID: 21300000, guid: f2edb39862460c74c89a30df80267160, type: 3}
  m_Color: {r: 1, g: 1, b: 1, a: 1}
  m_FlipX: 0
  m_FlipY: 0
  m_DrawMode: 0
  m_Size: {x: 9, y: 9}
  m_AdaptiveModeThreshold: 0.5
  m_SpriteTileMode: 0
  m_WasSpriteAssigned: 1
  m_MaskInteraction: 0
  m_SpriteSortPoint: 0
--- !u!95 &681644883923098844
Animator:
  serializedVersion: 3
  m_ObjectHideFlags: 0
  m_CorrespondingSourceObject: {fileID: 0}
  m_PrefabInstance: {fileID: 0}
  m_PrefabAsset: {fileID: 0}
  m_GameObject: {fileID: 4945532074722047919}
  m_Enabled: 1
  m_Avatar: {fileID: 0}
  m_Controller: {fileID: 9100000, guid: 029ceca8ef86f474ea6c955fb5278f04, type: 2}
  m_CullingMode: 0
  m_UpdateMode: 0
  m_ApplyRootMotion: 0
  m_LinearVelocityBlending: 0
  m_WarningMessage: 
  m_HasTransformHierarchy: 1
  m_AllowConstantClipSamplingOptimization: 1
  m_KeepAnimatorControllerStateOnDisable: 0
--- !u!1 &8124539477265816879
GameObject:
  m_ObjectHideFlags: 0
  m_CorrespondingSourceObject: {fileID: 0}
  m_PrefabInstance: {fileID: 0}
  m_PrefabAsset: {fileID: 0}
  serializedVersion: 6
  m_Component:
  - component: {fileID: 5421066945116876247}
  m_Layer: 9
  m_Name: Tap Inidicator Location
  m_TagString: Untagged
  m_Icon: {fileID: 0}
  m_NavMeshLayer: 0
  m_StaticEditorFlags: 0
  m_IsActive: 1
--- !u!4 &5421066945116876247
Transform:
  m_ObjectHideFlags: 0
  m_CorrespondingSourceObject: {fileID: 0}
  m_PrefabInstance: {fileID: 0}
  m_PrefabAsset: {fileID: 0}
  m_GameObject: {fileID: 8124539477265816879}
  m_LocalRotation: {x: 0, y: 0, z: 0, w: 1}
  m_LocalPosition: {x: 0, y: 4.61, z: 0}
  m_LocalScale: {x: 1, y: 1, z: 1}
  m_Children: []
  m_Father: {fileID: 6834980579809685663}
  m_RootOrder: 3
  m_LocalEulerAnglesHint: {x: 0, y: 0, z: 0}
--- !u!1001 &1805471019598666935
PrefabInstance:
  m_ObjectHideFlags: 0
  serializedVersion: 2
  m_Modification:
    m_TransformParent: {fileID: 6834980579809685663}
    m_Modifications:
    - target: {fileID: 2736615786118861829, guid: ff0174373a7ae5248b2b4f0d8cd66a62,
        type: 3}
      propertyPath: m_IsActive
      value: 0
      objectReference: {fileID: 0}
    - target: {fileID: 2736615786410173752, guid: ff0174373a7ae5248b2b4f0d8cd66a62,
        type: 3}
      propertyPath: m_LocalPosition.x
      value: 0.11
      objectReference: {fileID: 0}
    - target: {fileID: 2736615786410173752, guid: ff0174373a7ae5248b2b4f0d8cd66a62,
        type: 3}
      propertyPath: m_LocalPosition.y
      value: -2.03
      objectReference: {fileID: 0}
    - target: {fileID: 2736615786410173752, guid: ff0174373a7ae5248b2b4f0d8cd66a62,
        type: 3}
      propertyPath: m_LocalPosition.z
      value: -3.6889756
      objectReference: {fileID: 0}
    - target: {fileID: 2736615786410173752, guid: ff0174373a7ae5248b2b4f0d8cd66a62,
        type: 3}
      propertyPath: m_LocalRotation.x
      value: 0
      objectReference: {fileID: 0}
    - target: {fileID: 2736615786410173752, guid: ff0174373a7ae5248b2b4f0d8cd66a62,
        type: 3}
      propertyPath: m_LocalRotation.y
      value: 0
      objectReference: {fileID: 0}
    - target: {fileID: 2736615786410173752, guid: ff0174373a7ae5248b2b4f0d8cd66a62,
        type: 3}
      propertyPath: m_LocalRotation.z
      value: 0
      objectReference: {fileID: 0}
    - target: {fileID: 2736615786410173752, guid: ff0174373a7ae5248b2b4f0d8cd66a62,
        type: 3}
      propertyPath: m_LocalRotation.w
      value: 1
      objectReference: {fileID: 0}
    - target: {fileID: 2736615786410173752, guid: ff0174373a7ae5248b2b4f0d8cd66a62,
        type: 3}
      propertyPath: m_RootOrder
      value: 1
      objectReference: {fileID: 0}
    - target: {fileID: 2736615786410173752, guid: ff0174373a7ae5248b2b4f0d8cd66a62,
        type: 3}
      propertyPath: m_LocalEulerAnglesHint.x
      value: 0
      objectReference: {fileID: 0}
    - target: {fileID: 2736615786410173752, guid: ff0174373a7ae5248b2b4f0d8cd66a62,
        type: 3}
      propertyPath: m_LocalEulerAnglesHint.y
      value: 0
      objectReference: {fileID: 0}
    - target: {fileID: 2736615786410173752, guid: ff0174373a7ae5248b2b4f0d8cd66a62,
        type: 3}
      propertyPath: m_LocalEulerAnglesHint.z
      value: 0
      objectReference: {fileID: 0}
    - target: {fileID: 2736615786410173753, guid: ff0174373a7ae5248b2b4f0d8cd66a62,
        type: 3}
      propertyPath: m_Name
      value: Three lines VFX
      objectReference: {fileID: 0}
    - target: {fileID: 7924882498979948222, guid: ff0174373a7ae5248b2b4f0d8cd66a62,
        type: 3}
      propertyPath: m_LocalPosition.y
      value: 4.85
      objectReference: {fileID: 0}
    - target: {fileID: 7924882498979948222, guid: ff0174373a7ae5248b2b4f0d8cd66a62,
        type: 3}
      propertyPath: m_LocalPosition.x
      value: -2.96
      objectReference: {fileID: 0}
    m_RemovedComponents: []
  m_SourcePrefab: {fileID: 100100000, guid: ff0174373a7ae5248b2b4f0d8cd66a62, type: 3}
--- !u!1 &1805471019598667297 stripped
GameObject:
  m_CorrespondingSourceObject: {fileID: 2736615786410173753, guid: ff0174373a7ae5248b2b4f0d8cd66a62,
    type: 3}
  m_PrefabInstance: {fileID: 1805471019598666935}
  m_PrefabAsset: {fileID: 0}
--- !u!4 &1805471019598667340 stripped
Transform:
  m_CorrespondingSourceObject: {fileID: 2736615786410173752, guid: ff0174373a7ae5248b2b4f0d8cd66a62,
    type: 3}
  m_PrefabInstance: {fileID: 1805471019598666935}
  m_PrefabAsset: {fileID: 0}
