%YAML 1.1
%TAG !u! tag:unity3d.com,2011:
--- !u!1 &1787821079720028448
GameObject:
  m_ObjectHideFlags: 0
  m_CorrespondingSourceObject: {fileID: 0}
  m_PrefabInstance: {fileID: 0}
  m_PrefabAsset: {fileID: 0}
  serializedVersion: 6
  m_Component:
  - component: {fileID: 6834980579809685663}
  - component: {fileID: 2772586697197890287}
  - component: {fileID: 4679643932994815189}
  - component: {fileID: 8369387661586611545}
  - component: {fileID: 2727002993805949009}
  - component: {fileID: 2030816949248489847}
  m_Layer: 9
  m_Name: Snail
  m_TagString: Untagged
  m_Icon: {fileID: 0}
  m_NavMeshLayer: 0
  m_StaticEditorFlags: 0
  m_IsActive: 1
--- !u!4 &6834980579809685663
Transform:
  m_ObjectHideFlags: 0
  m_CorrespondingSourceObject: {fileID: 0}
  m_PrefabInstance: {fileID: 0}
  m_PrefabAsset: {fileID: 0}
  m_GameObject: {fileID: 1787821079720028448}
  m_LocalRotation: {x: 0, y: 0, z: 0, w: 1}
  m_LocalPosition: {x: -0.04, y: 0.02, z: -11.685921}
  m_LocalScale: {x: 1, y: 1, z: 1}
  m_Children:
  - {fileID: 8219429280530729854}
  - {fileID: 7918911703311346233}
  - {fileID: 7173931396186130169}
  - {fileID: 7273299035383024972}
  - {fileID: 7828526254957461432}
  m_Father: {fileID: 0}
  m_RootOrder: 0
  m_LocalEulerAnglesHint: {x: 0, y: 0, z: 0}
--- !u!58 &2772586697197890287
CircleCollider2D:
  m_ObjectHideFlags: 0
  m_CorrespondingSourceObject: {fileID: 0}
  m_PrefabInstance: {fileID: 0}
  m_PrefabAsset: {fileID: 0}
  m_GameObject: {fileID: 1787821079720028448}
  m_Enabled: 1
  m_Density: 1
  m_Material: {fileID: 0}
  m_IsTrigger: 1
  m_UsedByEffector: 0
  m_UsedByComposite: 0
  m_Offset: {x: 0, y: 0}
  serializedVersion: 2
  m_Radius: 4.11
--- !u!114 &4679643932994815189
MonoBehaviour:
  m_ObjectHideFlags: 0
  m_CorrespondingSourceObject: {fileID: 0}
  m_PrefabInstance: {fileID: 0}
  m_PrefabAsset: {fileID: 0}
  m_GameObject: {fileID: 1787821079720028448}
  m_Enabled: 1
  m_EditorHideFlags: 0
  m_Script: {fileID: 11500000, guid: bc3da9284179c034e95cb0379b8ec3ef, type: 3}
  m_Name: 
  m_EditorClassIdentifier: 
  isDraggingSomething: {fileID: 11400000, guid: e1e8b385d974fd7448eec4b7318b29e3,
    type: 2}
  interactaboleManager: {fileID: 8369387661586611545}
  disableAllChildrenCollider: 1
  colliderOnDragging:
  - {fileID: 2772586697197890287}
  colliderOnNoDrag: []
--- !u!114 &8369387661586611545
MonoBehaviour:
  m_ObjectHideFlags: 0
  m_CorrespondingSourceObject: {fileID: 0}
  m_PrefabInstance: {fileID: 0}
  m_PrefabAsset: {fileID: 0}
  m_GameObject: {fileID: 1787821079720028448}
  m_Enabled: 1
  m_EditorHideFlags: 0
  m_Script: {fileID: 11500000, guid: 6eaf8b433bed13741942944276930576, type: 3}
  m_Name: 
  m_EditorClassIdentifier: 
  helpText: 
  helpShowTime: 0
  InventoryItem: {fileID: 0}
  sweatPosition: {fileID: 7273299035383024972}
  threeLinesEffect: {fileID: 2736615786410173753, guid: ff0174373a7ae5248b2b4f0d8cd66a62,
    type: 3}
  isInFocusMode: {fileID: 11400000, guid: 81abb36f8673951409a29f50b33755a9, type: 2}
  onFocusAlphaValue: 1
  onOutFocusAlphaValue: 0.5
  highestSaturation: 1.3
  lowestSaturation: 0.3
  saturationChangeTime: 1
  spriteRenderers:
  - {fileID: 4540019572586126655}
  OriginalOrderInLayer: 0
  desaturateAfter: 30
  tap: {fileID: 11400000, guid: 69fdd1839c21f7749a7d4e820c6d7ec3, type: 2}
  animator: {fileID: 2727002993805949009}
  objectsToEnableOnTap: []
  particles:
  - {fileID: 8883344404126036317}
  tapsCountForScore: 3
  score: 1
  showIndicatorAfterSeconds: 1
  disableIndicatorAfter: 3
  tapIndicatorLocation: {fileID: 7828526254957461432}
--- !u!95 &2727002993805949009
Animator:
  serializedVersion: 3
  m_ObjectHideFlags: 0
  m_CorrespondingSourceObject: {fileID: 0}
  m_PrefabInstance: {fileID: 0}
  m_PrefabAsset: {fileID: 0}
  m_GameObject: {fileID: 1787821079720028448}
  m_Enabled: 1
  m_Avatar: {fileID: 0}
  m_Controller: {fileID: 22100000, guid: 956543ac86d99724a8bed981cda95e6f, type: 2}
  m_CullingMode: 0
  m_UpdateMode: 0
  m_ApplyRootMotion: 0
  m_LinearVelocityBlending: 0
  m_WarningMessage: 
  m_HasTransformHierarchy: 1
  m_AllowConstantClipSamplingOptimization: 1
  m_KeepAnimatorControllerStateOnDisable: 0
--- !u!210 &2030816949248489847
SortingGroup:
  m_ObjectHideFlags: 0
  m_CorrespondingSourceObject: {fileID: 0}
  m_PrefabInstance: {fileID: 0}
  m_PrefabAsset: {fileID: 0}
  m_GameObject: {fileID: 1787821079720028448}
  m_Enabled: 1
  m_SortingLayerID: 0
  m_SortingLayer: 0
  m_SortingOrder: 0
--- !u!1 &4691559409260098264
GameObject:
  m_ObjectHideFlags: 0
  m_CorrespondingSourceObject: {fileID: 0}
  m_PrefabInstance: {fileID: 0}
  m_PrefabAsset: {fileID: 0}
  serializedVersion: 6
  m_Component:
  - component: {fileID: 7828526254957461432}
  m_Layer: 9
  m_Name: tap indicator Pos
  m_TagString: Untagged
  m_Icon: {fileID: 2974397684917235467, guid: 0000000000000000d000000000000000, type: 0}
  m_NavMeshLayer: 0
  m_StaticEditorFlags: 0
  m_IsActive: 1
--- !u!4 &7828526254957461432
Transform:
  m_ObjectHideFlags: 0
  m_CorrespondingSourceObject: {fileID: 0}
  m_PrefabInstance: {fileID: 0}
  m_PrefabAsset: {fileID: 0}
  m_GameObject: {fileID: 4691559409260098264}
  m_LocalRotation: {x: -0, y: -0, z: -0, w: 1}
  m_LocalPosition: {x: 0, y: 4.4, z: 0}
  m_LocalScale: {x: 1, y: 1, z: 1}
  m_Children: []
  m_Father: {fileID: 6834980579809685663}
  m_RootOrder: 4
  m_LocalEulerAnglesHint: {x: 0, y: 0, z: 0}
--- !u!1 &4945532074722047919
GameObject:
  m_ObjectHideFlags: 0
  m_CorrespondingSourceObject: {fileID: 0}
  m_PrefabInstance: {fileID: 0}
  m_PrefabAsset: {fileID: 0}
  serializedVersion: 6
  m_Component:
  - component: {fileID: 7918911703311346233}
  - component: {fileID: 4540019572586126655}
  - component: {fileID: 2242355539150490450}
  m_Layer: 0
  m_Name: Image
  m_TagString: Untagged
  m_Icon: {fileID: 0}
  m_NavMeshLayer: 0
  m_StaticEditorFlags: 0
  m_IsActive: 1
--- !u!4 &7918911703311346233
Transform:
  m_ObjectHideFlags: 0
  m_CorrespondingSourceObject: {fileID: 0}
  m_PrefabInstance: {fileID: 0}
  m_PrefabAsset: {fileID: 0}
  m_GameObject: {fileID: 4945532074722047919}
  m_LocalRotation: {x: -0, y: -0, z: -0, w: 1}
  m_LocalPosition: {x: 0, y: 0, z: 0}
  m_LocalScale: {x: 1.2564, y: 1.2564, z: 1.2564}
  m_Children: []
  m_Father: {fileID: 6834980579809685663}
  m_RootOrder: 1
  m_LocalEulerAnglesHint: {x: 0, y: 0, z: 0}
--- !u!212 &4540019572586126655
SpriteRenderer:
  m_ObjectHideFlags: 0
  m_CorrespondingSourceObject: {fileID: 0}
  m_PrefabInstance: {fileID: 0}
  m_PrefabAsset: {fileID: 0}
  m_GameObject: {fileID: 4945532074722047919}
  m_Enabled: 1
  m_CastShadows: 0
  m_ReceiveShadows: 0
  m_DynamicOccludee: 1
  m_MotionVectors: 1
  m_LightProbeUsage: 1
  m_ReflectionProbeUsage: 1
  m_RayTracingMode: 0
  m_RenderingLayerMask: 1
  m_RendererPriority: 0
  m_Materials:
  - {fileID: 2100000, guid: 29e6e4ac697b1ab498a52fc9447deae0, type: 2}
  m_StaticBatchInfo:
    firstSubMesh: 0
    subMeshCount: 0
  m_StaticBatchRoot: {fileID: 0}
  m_ProbeAnchor: {fileID: 0}
  m_LightProbeVolumeOverride: {fileID: 0}
  m_ScaleInLightmap: 1
  m_ReceiveGI: 1
  m_PreserveUVs: 0
  m_IgnoreNormalsForChartDetection: 0
  m_ImportantGI: 0
  m_StitchLightmapSeams: 1
  m_SelectedEditorRenderState: 0
  m_MinimumChartSize: 4
  m_AutoUVMaxDistance: 0.5
  m_AutoUVMaxAngle: 89
  m_LightmapParameters: {fileID: 0}
  m_SortingLayerID: 0
  m_SortingLayer: 0
  m_SortingOrder: 10
  m_Sprite: {fileID: 21300000, guid: 3169f83451441974b9c7e162d326e485, type: 3}
  m_Color: {r: 1, g: 1, b: 1, a: 1}
  m_FlipX: 0
  m_FlipY: 0
  m_DrawMode: 0
  m_Size: {x: 9, y: 9}
  m_AdaptiveModeThreshold: 0.5
  m_SpriteTileMode: 0
  m_WasSpriteAssigned: 1
  m_MaskInteraction: 0
  m_SpriteSortPoint: 0
--- !u!114 &2242355539150490450
MonoBehaviour:
  m_ObjectHideFlags: 0
  m_CorrespondingSourceObject: {fileID: 0}
  m_PrefabInstance: {fileID: 0}
  m_PrefabAsset: {fileID: 0}
  m_GameObject: {fileID: 4945532074722047919}
  m_Enabled: 1
  m_EditorHideFlags: 0
  m_Script: {fileID: 11500000, guid: 91c858e98eb9c2549a6891223e0c2009, type: 3}
  m_Name: 
  m_EditorClassIdentifier: 
  sprites:
  - {fileID: 21300000, guid: 3169f83451441974b9c7e162d326e485, type: 3}
  - {fileID: 21300000, guid: 549622ebddf202f43bf89b2daaa21403, type: 3}
  - {fileID: 21300000, guid: 9729250cc3decc540a9ba8f6d826f113, type: 3}
  animationInterval: 0.2
  playOnce: 0
--- !u!1 &7046143507457300632
GameObject:
  m_ObjectHideFlags: 0
  m_CorrespondingSourceObject: {fileID: 0}
  m_PrefabInstance: {fileID: 0}
  m_PrefabAsset: {fileID: 0}
  serializedVersion: 6
  m_Component:
  - component: {fileID: 8219429280530729854}
  - component: {fileID: 8963649176298847843}
  m_Layer: 9
  m_Name: Collider
  m_TagString: Untagged
  m_Icon: {fileID: 0}
  m_NavMeshLayer: 0
  m_StaticEditorFlags: 0
  m_IsActive: 1
--- !u!4 &8219429280530729854
Transform:
  m_ObjectHideFlags: 0
  m_CorrespondingSourceObject: {fileID: 0}
  m_PrefabInstance: {fileID: 0}
  m_PrefabAsset: {fileID: 0}
  m_GameObject: {fileID: 7046143507457300632}
  m_LocalRotation: {x: -0, y: -0, z: -0, w: 1}
  m_LocalPosition: {x: 0, y: 0, z: 0}
  m_LocalScale: {x: 1, y: 1, z: 1}
  m_Children: []
  m_Father: {fileID: 6834980579809685663}
  m_RootOrder: 0
  m_LocalEulerAnglesHint: {x: 0, y: 0, z: 0}
--- !u!58 &8963649176298847843
CircleCollider2D:
  m_ObjectHideFlags: 0
  m_CorrespondingSourceObject: {fileID: 0}
  m_PrefabInstance: {fileID: 0}
  m_PrefabAsset: {fileID: 0}
  m_GameObject: {fileID: 7046143507457300632}
  m_Enabled: 1
  m_Density: 1
  m_Material: {fileID: 0}
  m_IsTrigger: 1
  m_UsedByEffector: 0
  m_UsedByComposite: 0
  m_Offset: {x: 0, y: 0}
  serializedVersion: 2
  m_Radius: 4.11
--- !u!1 &8880834679655912146
GameObject:
  m_ObjectHideFlags: 0
  m_CorrespondingSourceObject: {fileID: 0}
  m_PrefabInstance: {fileID: 0}
  m_PrefabAsset: {fileID: 0}
  serializedVersion: 6
  m_Component:
  - component: {fileID: 7273299035383024972}
  m_Layer: 9
  m_Name: Sweat Position
  m_TagString: Untagged
  m_Icon: {fileID: 0}
  m_NavMeshLayer: 0
  m_StaticEditorFlags: 0
  m_IsActive: 1
--- !u!4 &7273299035383024972
Transform:
  m_ObjectHideFlags: 0
  m_CorrespondingSourceObject: {fileID: 0}
  m_PrefabInstance: {fileID: 0}
  m_PrefabAsset: {fileID: 0}
  m_GameObject: {fileID: 8880834679655912146}
  m_LocalRotation: {x: -0, y: -0, z: 0.19282527, w: 0.9812331}
  m_LocalPosition: {x: -0.56, y: 0.93, z: 0}
  m_LocalScale: {x: 0.66994, y: 0.66994, z: 0.66994}
  m_Children: []
  m_Father: {fileID: 6834980579809685663}
  m_RootOrder: 3
  m_LocalEulerAnglesHint: {x: 0, y: 0, z: 22.235}
--- !u!1001 &5076829011553166273
PrefabInstance:
  m_ObjectHideFlags: 0
  serializedVersion: 2
  m_Modification:
    m_TransformParent: {fileID: 6834980579809685663}
    m_Modifications:
    - target: {fileID: 2736615786410173752, guid: b07f173e6d25ce14fa2cfef57a715eb7,
        type: 3}
      propertyPath: m_LocalPosition.x
      value: -0.52
      objectReference: {fileID: 0}
    - target: {fileID: 2736615786410173752, guid: b07f173e6d25ce14fa2cfef57a715eb7,
        type: 3}
      propertyPath: m_LocalPosition.y
      value: -0.54
      objectReference: {fileID: 0}
    - target: {fileID: 2736615786410173752, guid: b07f173e6d25ce14fa2cfef57a715eb7,
        type: 3}
      propertyPath: m_LocalPosition.z
      value: -3.6889756
      objectReference: {fileID: 0}
    - target: {fileID: 2736615786410173752, guid: b07f173e6d25ce14fa2cfef57a715eb7,
        type: 3}
      propertyPath: m_LocalRotation.x
      value: 0
      objectReference: {fileID: 0}
    - target: {fileID: 2736615786410173752, guid: b07f173e6d25ce14fa2cfef57a715eb7,
        type: 3}
      propertyPath: m_LocalRotation.y
      value: 0
      objectReference: {fileID: 0}
    - target: {fileID: 2736615786410173752, guid: b07f173e6d25ce14fa2cfef57a715eb7,
        type: 3}
      propertyPath: m_LocalRotation.z
      value: 0
      objectReference: {fileID: 0}
    - target: {fileID: 2736615786410173752, guid: b07f173e6d25ce14fa2cfef57a715eb7,
        type: 3}
      propertyPath: m_LocalRotation.w
      value: 1
      objectReference: {fileID: 0}
    - target: {fileID: 2736615786410173752, guid: b07f173e6d25ce14fa2cfef57a715eb7,
        type: 3}
      propertyPath: m_RootOrder
      value: 2
      objectReference: {fileID: 0}
    - target: {fileID: 2736615786410173752, guid: b07f173e6d25ce14fa2cfef57a715eb7,
        type: 3}
      propertyPath: m_LocalEulerAnglesHint.x
      value: 0
      objectReference: {fileID: 0}
    - target: {fileID: 2736615786410173752, guid: b07f173e6d25ce14fa2cfef57a715eb7,
        type: 3}
      propertyPath: m_LocalEulerAnglesHint.y
      value: 0
      objectReference: {fileID: 0}
    - target: {fileID: 2736615786410173752, guid: b07f173e6d25ce14fa2cfef57a715eb7,
        type: 3}
      propertyPath: m_LocalEulerAnglesHint.z
      value: 0
      objectReference: {fileID: 0}
    - target: {fileID: 2736615786410173753, guid: b07f173e6d25ce14fa2cfef57a715eb7,
        type: 3}
      propertyPath: m_Name
      value: Bubble VFX
      objectReference: {fileID: 0}
    - target: {fileID: 2736615786410173753, guid: b07f173e6d25ce14fa2cfef57a715eb7,
        type: 3}
      propertyPath: m_IsActive
      value: 0
      objectReference: {fileID: 0}
    m_RemovedComponents: []
  m_SourcePrefab: {fileID: 100100000, guid: b07f173e6d25ce14fa2cfef57a715eb7, type: 3}
--- !u!4 &7173931396186130169 stripped
Transform:
  m_CorrespondingSourceObject: {fileID: 2736615786410173752, guid: b07f173e6d25ce14fa2cfef57a715eb7,
    type: 3}
  m_PrefabInstance: {fileID: 5076829011553166273}
  m_PrefabAsset: {fileID: 0}
--- !u!198 &8883344404126036317 stripped
ParticleSystem:
  m_CorrespondingSourceObject: {fileID: 4410008910159991452, guid: b07f173e6d25ce14fa2cfef57a715eb7,
    type: 3}
  m_PrefabInstance: {fileID: 5076829011553166273}
  m_PrefabAsset: {fileID: 0}
